:20:170519

:25:002930021477

:28C:00001/01

:60F:C170501LKR293847,42

:61:1705010501C1050,00NMSCNONREF

:86:010272169 0777345302

:61:1705010501C4259,00NMSCNONREF

:86:010115100 0714297703

:61:1705020502C10112,00NMSCNONREF

:86:010294144 0771525039

:61:1705020502C4831,00NMSCNONREF
:86:010135424

:61:1705020502C7500,00NMSCNONREF

:86:010290055
:61:1705020502C5045,00NMSCNONREF

:86:010269962

:61:1705020502C2100,00NMSCNONREF

:86:010286372

:61:1705020502C5950,00NMSCNONREF

:86:010267657

:61:1705020502C2200,00NMSCNONREF

:86:010233068

:61:1705020502D4338,20NMSCNONREF

:86:VISHWA REATIL COM APRIL  2017-

:61:1705030503C1547,00NMSCNONREF

:86:010166965

:61:1705030503C2802,00NMSCNONREF

:86:010260621
:61:1705030503C3174,00NMSCNONREF
:86:010149233 0711770241
:61:1705030503C4100,00NMSCNONREF
:86:010291732 0774435754
:61:1705030503C3323,00NMSCNONREF
:86:10252406 0766814544
:61:1705030503C6678,00NMSCNONREF
:86:010175515 0777699105
:61:1705040504C2408,00NMSCNONREF
:86:030110382
:61:1705040504C6787,00NMSCNONREF
:86:010243190 0773487452
:61:1705040504C6489,00NMSCNONREF
:86:10247942 0713571136
:61:1705040504C6139,00NMSCNONREF
:86:010281893
:61:1705050505C3515,00NMSCNONREF
:86:010172178
:61:1705050505C3693,00NMSCNONREF
:86:010154688
:61:1705050505C2535,00NMSCNONREF
:86:010258099
:61:1705050505C3748,00NMSCNONREF
:86:010009688 0774108890
:61:1705050505C4474,00NMSCNONREF
:86:010105947 0772364074
:61:1705050505C2200,00NMSCNONREF
:86:099
:61:1705050505C1149,00NMSCNONREF
:86:010002303 0543375637
:61:1705050505C2642,00NMSCNONREF
:86:010137354
:61:1705060506C3500,00NMSCNONREF
:86:010171156 0718108578
:61:1705070507C950,00NMSCNONREF
:86:010259946 0777345302
:61:1705080508C2700,00NMSCNONREF
:86:010123653
:61:1705080508C5250,00NMSCNONREF
:86:010261920
:61:1705080508C2047,00NMSCNONREF
:86:010265688
:61:1705080508C8000,00NMSCNONREF
:86:010276355
:61:1705080508C1050,00NMSCNONREF
:86:010272169 0777345302
:61:1705080508C300,00NMSCNONREF
:86:010200730 0777447713
:61:1705080508C1700,00NMSCNONREF
:86:010126018 0777447713
:61:1705080508C1940,00NMSCNONREF
:86:010052378
:61:1705090509C7000,00NMSCNONREF
:86:010281903
:61:1705090509C2000,00NMSCNONREF
:86:010146995
:61:1705100510C5000,00NMSCNONREF
:86:2017/ANP/00045
:61:1705100510C3500,00NMSCNONREF
:86:010217115 0777587460
:61:1705100510C6790,00NMSCNONREF
:86:010299062 0774188188
:61:1705100510C1165,00NMSCNONREF
:86:010180770 0777260233
:61:1705120512C3050,00NMSCNONREF
:86:030272758
:61:1705120512C3200,00NMSCNONREF
:86:010272927
:61:1705120512C1550,00NMSCNONREF
:86:010219145
:61:1705120512C1380,00NMSCNONREF
:86:010236113
:61:1705120512C3061,00NMSCNONREF
:86:010283696
:61:1705120512C5235,00NMSCNONREF
:86:010276276
:61:1705120512C3297,00NMSCNONREF
:86:010217379
:61:1705120512C3300,00NMSCNONREF
:86:010217467
:61:1705120512C3323,00NMSCNONREF
:86:010272049
:61:1705120512C1138,00NMSCNONREF
:86:010101124
:61:1705120512C7759,00NMSCNONREF
:86:010204274
:61:1705120512C6050,00NMSCNONREF
:86:010241432
:61:1705120512C3691,00NMSCNONREF
:86:010270970
:61:1705120512C2000,00NMSCNONREF
:86:010046120
:61:1705120512C2000,00NMSCNONREF
:86:010046153
:61:1705120512C2050,00NMSCNONREF
:86:010115935
:61:1705120512C2009,00NMSCNONREF
:86:010250276
:61:1705120512C2981,00NMSCNONREF
:86:010284028
:61:1705120512C2100,00NMSCNONREF
:86:010286372
:61:1705120512C5518,00NMSCNONREF
:86:010232098
:61:1705120512C15838,00NMSCNONREF
:86:010260306
:61:1705120512C3000,00NMSCNONREF
:86:010213515 0777792053
:61:1705130513C2197,00NMSCNONREF
:86:010211125 0712223366
:61:1705140514C950,00NMSCNONREF
:86:010259946 0777345302
:61:1705150515C2750,00NMSCNONREF
:86:01245530
:61:1705150515C5797,00NMSCNONREF
:86:010295066
:61:1705150515C5000,00NMSCNONREF
:86:004250008568
:61:1705150515C2500,00NMSCNONREF
:86:004250008568
:61:1705150515C2500,00NMSCNONREF
:86:004250008568
:61:1705150515C5623,00NMSCNONREF
:86:010260334
:61:1705150515C11112,00NMSCNONREF
:86:010260333
:61:1705150515C4183,00NMSCNONREF
:86:010290827
:61:1705150515C516,00NMSCNONREF
:86:010045002
:61:1705150515C3700,00NMSCNONREF
:86:010223961
:61:1705150515C1009,00NMSCNONREF
:86:010026555
:61:1705150515C2470,00NMSCNONREF
:86:010261982
:61:1705150515C1014,00NMSCNONREF
:86:010013321
:61:1705150515C3000,00NMSCNONREF
:86:010260000
:61:1705150515C10555,00NMSCNONREF
:86:10186678
:61:1705150515C9925,00NMSCNONREF
:86:010220145
:61:1705150515C5300,00NMSCNONREF
:86:010289087
:61:1705150515C7744,00NMSCNONREF
:86:10209120
:61:1705150515C7695,00NMSCNONREF
:86:10209123
:61:1705150515C2190,00NMSCNONREF
:86:010243001
:61:1705150515C3533,00NMSCNONREF
:86:010268610
:61:1705150515C5532,00NMSCNONREF
:86:010290441
:61:1705150515C1050,00NMSCNONREF
:86:010272169 0777345302
:61:1705150515C62280,00NMSCNONREF
:86:010276650 0773646566
:61:1705150515C2874,00NMSCNONREF
:86:010294651
:61:1705150515C3297,00NMSCNONREF
:86:010231663
:61:1705150515C6055,00NMSCNONREF
:86:010253385
:61:1705150515C3440,00NMSCNONREF
:86:010278370
:61:1705160516C5000,00NMSCNONREF
:86:010291727 0771029249
:61:1705170517C4517,00NMSCNONREF
:86:010224828
:62F:C170501LKR730639,22

