:20:170602
:25:002930021477
:28C:00001/01
:60F:C170501LKR293847,42
:61:1705010501C1050,00NMSCNONREF
:86:010272169 0777345302
:61:1705010501C4259,00NMSCNONREF
:86:010115100 0714297703
:61:1705020502C10112,00NMSCNONREF
:86:010294144 0771525039
:61:1705020502C4831,00NMSCNONREF
:86:010135424
:61:1705020502C7500,00NMSCNONREF
:86:010290055
:61:1705020502C5045,00NMSCNONREF
:86:010269962
:61:1705020502C2100,00NMSCNONREF
:86:010286372
:61:1705020502C5950,00NMSCNONREF
:86:010267657
:61:1705020502C2200,00NMSCNONREF
:86:010233068
:61:1705020502D4338,20NMSCNONREF
:86:VISHWA REATIL COM APRIL  2017-
:61:1705030503C1547,00NMSCNONREF
:86:010166965
:61:1705030503C2802,00NMSCNONREF
:86:010260621
:61:1705030503C3174,00NMSCNONREF
:86:010149233 0711770241
:61:1705030503C4100,00NMSCNONREF
:86:010291732 0774435754
:61:1705030503C3323,00NMSCNONREF
:86:10252406 0766814544
:61:1705030503C6678,00NMSCNONREF
:86:010175515 0777699105
:61:1705040504C2408,00NMSCNONREF
:86:030110382
:61:1705040504C6787,00NMSCNONREF
:86:010243190 0773487452
:61:1705040504C6489,00NMSCNONREF
:86:10247942 0713571136
:61:1705040504C6139,00NMSCNONREF
:86:010281893
:61:1705050505C3515,00NMSCNONREF
:86:010172178
:61:1705050505C3693,00NMSCNONREF
:86:010154688
:61:1705050505C2535,00NMSCNONREF
:86:010258099
:61:1705050505C3748,00NMSCNONREF
:86:010009688 0774108890
:61:1705050505C4474,00NMSCNONREF
:86:010105947 0772364074
:61:1705050505C2200,00NMSCNONREF
:86:099
:61:1705050505C1149,00NMSCNONREF
:86:010002303 0543375637
:61:1705050505C2642,00NMSCNONREF
:86:010137354
:61:1705060506C3500,00NMSCNONREF
:86:010171156 0718108578
:61:1705070507C950,00NMSCNONREF
:86:010259946 0777345302
:61:1705080508C2700,00NMSCNONREF
:86:010123653
:61:1705080508C5250,00NMSCNONREF
:86:010261920
:61:1705080508C2047,00NMSCNONREF
:86:010265688
:61:1705080508C8000,00NMSCNONREF
:86:010276355
:61:1705080508C1050,00NMSCNONREF
:86:010272169 0777345302
:61:1705080508C300,00NMSCNONREF
:86:010200730 0777447713
:61:1705080508C1700,00NMSCNONREF
:86:010126018 0777447713
:61:1705080508C1940,00NMSCNONREF
:86:010052378
:61:1705090509C7000,00NMSCNONREF
:86:010281903
:61:1705090509C2000,00NMSCNONREF
:86:010146995
:61:1705100510C5000,00NMSCNONREF
:86:2017/ANP/00045
:61:1705100510C3500,00NMSCNONREF
:86:010217115 0777587460
:61:1705100510C6790,00NMSCNONREF
:86:010299062 0774188188
:61:1705100510C1165,00NMSCNONREF
:86:010180770 0777260233
:61:1705120512C3050,00NMSCNONREF
:86:030272758
:61:1705120512C3200,00NMSCNONREF
:86:010272927
:61:1705120512C1550,00NMSCNONREF
:86:010219145
:61:1705120512C1380,00NMSCNONREF
:86:010236113
:61:1705120512C3061,00NMSCNONREF
:86:010283696
:61:1705120512C5235,00NMSCNONREF
:86:010276276
:61:1705120512C3297,00NMSCNONREF
:86:010217379
:61:1705120512C3300,00NMSCNONREF
:86:010217467
:61:1705120512C3323,00NMSCNONREF
:86:010272049
:61:1705120512C1138,00NMSCNONREF
:86:010101124
:61:1705120512C7759,00NMSCNONREF
:86:010204274
:61:1705120512C6050,00NMSCNONREF
:86:010241432
:61:1705120512C3691,00NMSCNONREF
:86:010270970
:61:1705120512C2000,00NMSCNONREF
:86:010046120
:61:1705120512C2000,00NMSCNONREF
:86:010046153
:61:1705120512C2050,00NMSCNONREF
:86:010115935
:61:1705120512C2009,00NMSCNONREF
:86:010250276
:61:1705120512C2981,00NMSCNONREF
:86:010284028
:61:1705120512C2100,00NMSCNONREF
:86:010286372
:61:1705120512C5518,00NMSCNONREF
:86:010232098
:61:1705120512C15838,00NMSCNONREF
:86:010260306
:61:1705120512C3000,00NMSCNONREF
:86:010213515 0777792053
:61:1705130513C2197,00NMSCNONREF
:86:010211125 0712223366
:61:1705140514C950,00NMSCNONREF
:86:010259946 0777345302
:61:1705150515C2750,00NMSCNONREF
:86:01245530
:61:1705150515C5797,00NMSCNONREF
:86:010295066
:61:1705150515C5000,00NMSCNONREF
:86:004250008568
:61:1705150515C2500,00NMSCNONREF
:86:004250008568
:61:1705150515C2500,00NMSCNONREF
:86:004250008568
:61:1705150515C5623,00NMSCNONREF
:86:010260334
:61:1705150515C11112,00NMSCNONREF
:86:010260333
:61:1705150515C4183,00NMSCNONREF
:86:010290827
:61:1705150515C516,00NMSCNONREF
:86:010045002
:61:1705150515C3700,00NMSCNONREF
:86:010223961
:61:1705150515C1009,00NMSCNONREF
:86:010026555
:61:1705150515C2470,00NMSCNONREF
:86:010261982
:61:1705150515C1014,00NMSCNONREF
:86:010013321
:61:1705150515C3000,00NMSCNONREF
:86:010260000
:61:1705150515C10555,00NMSCNONREF
:86:10186678
:61:1705150515C9925,00NMSCNONREF
:86:010220145
:61:1705150515C5300,00NMSCNONREF
:86:010289087
:61:1705150515C7744,00NMSCNONREF
:86:10209120
:61:1705150515C7695,00NMSCNONREF
:86:10209123
:61:1705150515C2190,00NMSCNONREF
:86:010243001
:61:1705150515C3533,00NMSCNONREF
:86:010268610
:61:1705150515C5532,00NMSCNONREF
:86:010290441
:61:1705150515C1050,00NMSCNONREF
:86:010272169 0777345302
:61:1705150515C62280,00NMSCNONREF
:86:010276650 0773646566
:61:1705150515C2874,00NMSCNONREF
:86:010294651
:61:1705150515C3297,00NMSCNONREF
:86:010231663
:61:1705150515C6055,00NMSCNONREF
:86:010253385
:61:1705150515C3440,00NMSCNONREF
:86:010278370
:61:1705160516C5000,00NMSCNONREF
:86:010291727 0771029249
:61:1705170517C4517,00NMSCNONREF
:86:010224828
:61:1705190519C3619,00NMSCNONREF
:86:010239933
:61:1705190519C3782,00NMSCNONREF
:86:010257876
:61:1705190519C2529,00NMSCNONREF
:86:010270344
:61:1705190519C5283,00NMSCNONREF
:86:010268370 0712326707
:61:1705200520C2115,00NMSCNONREF
:86:010235288
:61:1705200520C2115,00NMSCNONREF
:86:010234974
:61:1705210521C950,00NMSCNONREF
:86:010259946 0777345302
:61:1705220522C4129,00NMSCNONREF
:86:010255673
:61:1705220522C7049,00NMSCNONREF
:86:010285413
:61:1705220522C2665,00NMSCNONREF
:86:01230228
:61:1705220522C1195,00NMSCNONREF
:86:010245733
:61:1705220522C30300,00NMSCNONREF
:86:010253642
:61:1705220522C2814,00NMSCNONREF
:86:010256781
:61:1705220522C7148,00NMSCNONREF
:86:010226042
:61:1705220522C2057,00NMSCNONREF
:86:010248717
:61:1705220522C1584,00NMSCNONREF
:86:010013062
:61:1705220522C3337,00NMSCNONREF
:86:010284859
:61:1705220522C2730,00NMSCNONREF
:86:010209064
:61:1705220522C3300,00NMSCNONREF
:86:010240317
:61:1705220522C5490,00NMSCNONREF
:86:10192174
:61:1705220522C11044,00NMSCNONREF
:86:010293616
:61:1705220522C2357,00NMSCNONREF
:86:010256212
:61:1705220522C2500,00NMSCNONREF
:86:010293052
:61:1705220522C3000,00NMSCNONREF
:86:10290135
:61:1705220522C2701,00NMSCNONREF
:86:010287569
:61:1705220522C1193,00NMSCNONREF
:86:010180190-S ROSHANY
:61:1705220522C5045,00NMSCNONREF
:86:010273124
:61:1705220522C5000,00NMSCNONREF
:86:010255797
:61:1705220522C5000,00NMSCNONREF
:86:010255858
:61:1705220522C5750,00NMSCNONREF
:86:010243985
:61:1705220522C3230,00NMSCNONREF
:86:010122175
:61:1705220522C2200,00NMSCNONREF
:86:REF 010229852
:61:1705220522C1050,00NMSCNONREF
:86:010272169 0777345302
:61:1705220522C4023,00NMSCNONREF
:86:010274373
:61:1705220522C2182,00NMSCNONREF
:86:010228266
:61:1705220522C8032,00NMSCNONREF
:86:010252111
:61:1705220522C1326,00NMSCNONREF
:86:010124664
:61:1705220522C4335,00NMSCNONREF
:86:010076462
:61:1705220522C6221,00NMSCNONREF
:86:010278691
:61:1705220522C2440,00NMSCNONREF
:86:010225123
:61:1705230523C2602,00NMSCNONREF
:86:010183880
:61:1705230523C3298,00NMSCNONREF
:86:010235284
:61:1705230523C3290,00NMSCNONREF
:86:010299306
:61:1705230523C1500,00NMSCNONREF
:86:010056642 0777805657
:61:1705240524C4900,00NMSCNONREF
:86:010248029 0779535597
:61:1705240524C3300,00NMSCNONREF
:86:010254274
:61:1705240524C6000,00NMSCNONREF
:86:010162667
:61:1705250525C2197,00NMSCNONREF
:86:010207302
:61:1705250525C2651,00NMSCNONREF
:86:010261588
:61:1705250525C3646,00NMSCNONREF
:86:010282585
:61:1705250525C3033,00NMSCNONREF
:86:010289410
:61:1705250525C3274,00NMSCNONREF
:86:010259950
:61:1705250525C8680,00NMSCNONREF
:86:010252110
:61:1705250525C5350,00NMSCNONREF
:86:010273101
:61:1705250525C2175,00NMSCNONREF
:86:010192935
:61:1705250525C2607,00NMSCNONREF
:86:010182847
:61:1705250525C2554,00NMSCNONREF
:86:010111495
:61:1705250525C6954,00NMSCNONREF
:86:10280766
:61:1705250525C2500,00NMSCNONREF
:86:010282131
:61:1705250525C6392,00NMSCNONREF
:86:010275212
:61:1705250525C3000,00NMSCNONREF
:86:10253630
:61:1705250525C3064,00NMSCNONREF
:86:010297029
:61:1705250525C2144,32NMSCNONREF
:86:010206434 0718340503
:61:1705250525C1006,25NMSCNONREF
:86:010128446 0718340503
:61:1705250525C4301,00NMSCNONREF
:86:010291601 0763024745
:61:1705250525C2200,00NMSCNONREF
:86:010246970 0775934929
:61:1705250525C2200,00NMSCNONREF
:86:010246970 0775934929
:61:1705250525C3900,00NMSCNONREF
:86:010275045
:61:1705250525C10048,00NMSCNONREF
:86:010282923 0722397999
:61:1705250525C3461,00NMSCNONREF
:86:010277283
:61:1705260526C2640,00NMSCNONREF
:86:010258286
:61:1705260526C2750,00NMSCNONREF
:86:010214531
:61:1705260526C2750,00NMSCNONREF
:86:010214474
:61:1705260526C3900,00NMSCNONREF
:86:010273712
:61:1705260526C4999,00NMSCNONREF
:86:10279313
:61:1705260526C5500,00NMSCNONREF
:86:010288879 0726695251
:61:1705260526C5631,00NMSCNONREF
:86:010275840 0773144578
:61:1705260526C2675,00NMSCNONREF
:86:010079268
:61:1705260526C6650,00NMSCNONREF
:86:010300637 0777657452
:61:1705260526C15010,00NMSCNONREF
:86:010254914
:61:1705260526C2400,00NMSCNONREF
:86:010266258 0773442007
:61:1705270527C3638,00NMSCNONREF
:86:010260632 0716600685
:61:1705280528C950,00NMSCNONREF
:86:010259946 0777345302
:61:1705290529C5617,00NMSCNONREF
:86:010263165 0777327455
:61:1705290529C3295,00NMSCNONREF
:86:010203473
:61:1705290529C2414,00NMSCNONREF
:86:030137389
:61:1705290529C1625,00NMSCNONREF
:86:010061632
:61:1705290529C3734,00NMSCNONREF
:86:010213078
:61:1705290529C6408,00NMSCNONREF
:86:010198008
:61:1705290529C2500,00NMSCNONREF
:86:030269447
:61:1705290529C2501,00NMSCNONREF
:86:030218319
:61:1705290529C3160,00NMSCNONREF
:86:01180350
:61:1705290529C6050,00NMSCNONREF
:86:010254312
:61:1705290529C2572,00NMSCNONREF
:86:010293883
:61:1705290529C6010,00NMSCNONREF
:86:010295070
:61:1705290529C2465,00NMSCNONREF
:86:010284490
:61:1705290529C10112,00NMSCNONREF
:86:010294144 0771525039
:61:1705290529C2263,00NMSCNONREF
:86:010263080
:61:1705290529C2781,00NMSCNONREF
:86:010262446
:61:1705290529C3500,00NMSCNONREF
:86:010269709
:61:1705290529C2000,00NMSCNONREF
:86:010277625
:61:1705290529C3010,00NMSCNONREF
:86:010282947
:61:1705290529C14093,00NMSCNONREF
:86:010208106
:61:1705290529C1050,00NMSCNONREF
:86:010272169 0777345302
:61:1705290529C3000,00NMSCNONREF
:86:010186423
:61:1705290529C4259,00NMSCNONREF
:86:010115100 0714297703
:61:1705290529C2000,00NMSCNONREF
:86:010292802 0713518334
:61:1705290529C3300,00NMSCNONREF
:86:010216683 0723746544
:61:1705290529C1605,00NMSCNONREF
:86:010105870
:61:1705290529C1370,00NMSCNONREF
:86:010256403 0777330129
:61:1705300530C4831,00NMSCNONREF
:86:010135424
:61:1705300530C2200,00NMSCNONREF
:86:010234409
:61:1705300530C2632,00NMSCNONREF
:86:010214889
:61:1705300530C2002,00NMSCNONREF
:86:010125572 0766531697
:61:1705300530C1500,00NMSCNONREF
:86:010138535 0714231394
:61:1705300530C5950,00NMSCNONREF
:86:010267657
:61:1705310531C4520,00NMSCNONREF
:86:010050644 0774000015
:62F:C170501LKR1201508,79

