:20:160801 
:25:005010091221 
:28C:005010091221_20160644829-IBT 
:60F:C160801LKR6828299,63 
:61:1608010801C4336,00NMSC20160644829-IBT 
:86:20160644829-IBT@129-SDC827463/1@P/N 030229773-SUDUARACHCHI P K R/ 
:61:1608010801C50134,00NMSC20160644830-IBT 
:86:20160644830-IBT@126-SDC827500/1@P/N 030229725/ 
:61:1608010801C2000,00NMSC20160644831-IBT 
:86:20160644831-IBT@129-SDC827557/1@PN-030256423 YAPA M N I/ 
:61:1608010801C9595,00NMSC20160644832-IBT 
:86:20160644832-IBT@126-SDC828009/1@P/N. 030184155/ 
:61:1608010801C1178,00NMSC20160644833-IBT 
:86:20160644833-IBT@126-SDC828040/1@P/N. 010004852/ 
:61:1608010801C3189,00NMSC20160644834-IBT 
:86:20160644834-IBT@063-SDC828095/1@PN-030255942/ 
:61:1608010801C3331,00NMSC20160644835-IBT 
:86:20160644835-IBT@125-SDC828311/1@P/N. 010184778/ 
:61:1608010801C1394,00NMSC20160644836-IBT 
:86:20160644836-IBT@125-SDC828322/1@P/N.030204023/ 
:61:1608010801C5000,00NMSC20160644837-IBT 
:86:20160644837-IBT@129-SDC828384/1@P/N 030274256-HETTIARACHCHI T U/ 
:61:1608010801C6540,00NMSC20160644838-IBT 
:86:20160644838-IBT@073-SDC828744/1@P/N 010256929/ 
:61:1608010801C26659,00NMSC20160644839-IBT 
:86:20160644839-IBT@059-SDC828747/1@P/N 030030573/ 
:61:1608010801C75316,00NMSC20160644840-IBT 
:86:20160644840-IBT@001-SDC828884/1@POLCY NO 030165261/ 
:61:1608010801C6580,00NMSC20160644841-IBT 
:86:20160644841-IBT@129-SDC828511/1@P/N HN-BAC-1613-L147/RF - HEWAWASAM D/ 
:61:1608010801C2080,00NMSC20160644842-IBT 
:86:20160644842-IBT@109-SDC829315/1@P/N 030172020/ 
:61:1608010801C1155,00NMSC20160644843-IBT 
:86:20160644843-IBT@109-SDC829271/1@9B030127570/ 
:61:1608010801C11467,00NMSC20160644844-IBT 
:86:20160644844-IBT@059-SDC829826/1@P/N 030213461-M.A.C.P. PERERA/ 
:61:1608010801C2424,00NMSC20160644845-IBT 
:86:20160644845-IBT@067-9B HN BAC 146-SDC829852/1@9B HN BAC 146-L067/ 
:61:1608010801C2390,00NMSC20160644846-IBT 
:86:20160644846-IBT@049-SDC829968/2@010104304/ 
:61:1608010801C1029,00NMSC20160644847-IBT 
:86:20160644847-IBT@049-SDC830104/2@POLICY NO:010073533KUMARI W L N/ 
:61:1608010801C1286,00NMSC20160644848-IBT 
:86:20160644848-IBT@049-SDC830225/1@POLICY NO:010136403 RAJAKARUNA U/ 
:61:1608010801C1016,00NMSC20160644849-IBT 
:86:20160644849-IBT@019-SDC830304/2@2005/ILP-P2/KGN/15905/ 
:61:1608010801C3192,00NMSC20160644850-IBT 
:86:20160644850-IBT@038-SDC830389/1@PO NO 030152102 N M JAYAWEERA/ 
:61:1608010801C7677,00NMSC20160644851-IBT 
:86:20160644851-IBT@061-SDC830454/1@P/N 030267698/ 
:61:1608010801C1886,00NMSC20160644852-IBT 
:86:20160644852-IBT@049-SDC830463/1@P/N 030110511 / PERERA L C N/ 
:61:1608010801C2126,00NMSC20160644853-IBT 
:86:20160644853-IBT@019-SDC830469/1@P/N 030050864 / L. BALAKRISSHNAN./ 
:61:1608010801C2117,00NMSC20160644854-IBT 
:86:20160644854-IBT@019-SDC830498/1@P/N. 010183146/ 
:61:1608010801C3000,00NMSC20160644855-IBT 
:86:20160644855-IBT@061-SDC830567/1@P/N 030269589/ 
:61:1608010801C3066,00NMSC20160644856-IBT 
:86:20160644856-IBT@023-SDC830578/1@030127335 SPAN PREMARATHNE/ 
:61:1608010801C12692,00NMSC20160644857-IBT 
:86:20160644857-IBT@019-SDC830632/1@P/N.010129812/ 
:61:1608010801C2500,00NMSC20160644858-IBT 
:86:20160644858-IBT@038-SDC830808/1@P/N 030196194-M M D INDRAJITH/ 
:61:1608010801C12913,00NMSC20160644859-IBT 
:86:20160644859-IBT@019-SDC830837/1@P/N 010221911-HERATH M D A K/ 
:61:1608010801C2586,00NMSC20160644860-IBT 
:86:20160644860-IBT@102-SDC830925/1@P/N 010259173/ 
:61:1608010801C799,00NMSC20160644861-IBT 
:86:20160644861-IBT@102-SDC831270/2@2004/ILP-P2/NGB/9899/ 
:61:1608010801C2720,00NMSC20160644862-IBT 
:86:20160644862-IBT@049-SDC831347/1@PN-010262735/ 
:61:1608010801C1104,00NMSC20160644863-IBT 
:86:20160644863-IBT@102-SDC831419/1@010134045 S V S M EDIRISINGHE/ 
:61:1608010801C2642,00NMSC20160644864-IBT 
:86:20160644864-IBT@130-SDC831433/1@030145057/ 
:61:1608010801C2199,00NMSC20160644865-IBT 
:86:20160644865-IBT@104-SDC831512/1@HN-BAC-983-L104/ 
:61:1608010801C3380,00NMSC20160644866-IBT 
:86:20160644866-IBT@701-SDC831563/1@P/N 010259132/ 
:61:1608010801C6816,00NMSC20160644867-IBT 
:86:20160644867-IBT@128-SDC831629/1@PN 030218738/ 
:61:1608010801C3327,00NMSC20160644868-IBT 
:86:20160644868-IBT@100-SDC831687/1@P/N 010269874/ 
:61:1608010801C2196,00NMSC20160644869-IBT 
:86:20160644869-IBT@119-SDC832280/1@P/N 030215134/ 
:61:1608010801C6600,00NMSC20160644870-IBT 
:86:20160644870-IBT@102-SDC832306/1@PN-010253258/ 
:61:1608010801C750,00NMSC20160644871-IBT 
:86:20160644871-IBT@047-SDC832530/2@S/O PAY/ 
:61:1608010801C1563,00NMSC20160644872-IBT 
:86:20160644872-IBT@023-SDC832648/1@P/N 030126255 MMSM SUGATHADASA/ 
:61:1608010801C2885,00NMSC20160644873-IBT 
:86:20160644873-IBT@023-SDC832782/1@P/N 010151106/ 
:61:1608010801C2182,00NMSC20160644874-IBT 
:86:20160644874-IBT@047-SDC832900/1@P/N 030184798 - HETTIARACHCHI H D N/ 
:61:1608010801C2664,00NMSC20160644875-IBT 
:86:20160644875-IBT@093-SDC832902/1@P/N HNBAC930L093 / SOMALATHA R M K/ 
:61:1608010801C5518,00NMSC20160644876-IBT 
:86:20160644876-IBT@119-SDC832911/1@P/N 030268429/ 
:61:1608010801C2504,00NMSC20160644877-IBT 
:86:20160644877-IBT@038-SDC833208/1@030117776 J S JAYASUNDARA/ 
:61:1608010801C3260,00NMSC20160644878-IBT 
:86:20160644878-IBT@092-SDC833234/1@PN 030249297/ 
:61:1608010801C6459,00NMSC20160644879-IBT 
:86:20160644879-IBT@023-SDC833260/1@PN-010172571 SUBAGARAN J/ 
:61:1608010801C5361,00NMSC20160644880-IBT 
:86:20160644880-IBT@092-SDC833278/1@PN-030247096/ 
:61:1608010801C2534,00NMSC20160644881-IBT 
:86:20160644881-IBT@092-SDC833296/1@PN-030264040/ 
:61:1608010801C3000,00NMSC20160644882-IBT 
:86:20160644882-IBT@038-SDC833383/1@HN-BAC-897-L038/ 
:61:1608010801C979,00NMSC20160644883-IBT 
:86:20160644883-IBT@052-SDC833399/2@HN-IL-11183NGB-H M J THISERA/ 
:61:1608010801C1383,00NMSC20160644884-IBT 
:86:20160644884-IBT@050-SDC833761/2@2007/ILP-P2/EMB/19677/ 
:61:1608010801C1473,00NMSC20160644885-IBT 
:86:20160644885-IBT@055-SDC833773/1@POLICY NO 010030937-D A N RANASINGHE/ 
:61:1608010801C1317,00NMSC20160644886-IBT 
:86:20160644886-IBT@089-SDC833884/1@030144960 SENARATH/ 
:61:1608010801C3128,00NMSC20160644887-IBT 
:86:20160644887-IBT@052-SDC834229/1@PN 030237945-A.K.A. NIMALSIRI/ 
:61:1608010801C1012,00NMSC20160644888-IBT 
:86:20160644888-IBT@043-SDC834234/1@P/N.030060602-SATHKUMARA S M I M/ 
:61:1608010801C3609,00NMSC20160644889-IBT 
:86:20160644889-IBT@022-SDC834312/1@P/L.950000374/ 
:61:1608010801C2000,00NMSC20160644890-IBT 
:86:20160644890-IBT@108-SDC834325/1@PN 2014KOR00014/ 
:61:1608010801C2876,00NMSC20160644891-IBT 
:86:20160644891-IBT@122-SDC834340/2@S/O PAY/ 
:61:1608010801C10000,00NMSC20160644892-IBT 
:86:20160644892-IBT@025-SDC834361/1@P/N 010264504/ 
:61:1608010801C10000,00NMSC20160644893-IBT 
:86:20160644893-IBT@108-SDC834388/1@PN 10237708/ 
:61:1608010801C5857,00NMSC20160644894-IBT 
:86:20160644894-IBT@119-SDC833232/1@9B030122210/ 
:61:1608010801C2000,00NMSC20160644895-IBT 
:86:20160644895-IBT@108-SDC834413/1@P/N 2014KOR00011/ 
:61:1608010801C4942,00NMSC20160644896-IBT 
:86:20160644896-IBT@052-SDC834421/1@PN-030231979/ 
:61:1608010801C1224,00NMSC20160644897-IBT 
:86:20160644897-IBT@122-SDC834520/1@PN 010056585/ 
:61:1608010801C2151,00NMSC20160644898-IBT 
:86:20160644898-IBT@055-SDC834534/1@PN 030225802-SENEVIRATHNA P D/ 
:61:1608010801C1000,00NMSC20160644899-IBT 
:86:20160644899-IBT@050-SDC834574/1@PN 030242568-KAMMANANKADA J H/ 
:61:1608010801C6554,00NMSC20160644900-IBT 
:86:20160644900-IBT@122-SDC834656/1@PN 2015NGB00763/ 
:61:1608010801C2904,00NMSC20160644901-IBT 
:86:20160644901-IBT@122-SDC834829/1@PN-030137259/ 
:61:1608010801C16243,00NMSC20160644902-IBT 
:86:20160644902-IBT@110-SDC834907/1@P/N 030262492 U D SEVIOR/ 
:61:1608010801C5846,00NMSC20160644903-IBT 
:86:20160644903-IBT@110-SDC834967/1@P/N 030270238/ 
:61:1608010801C7912,00NMSC20160644904-IBT 
:86:20160644904-IBT@099-SDC834119/1@2005/BAC-R/H099/287/ 
:61:1608010801C4160,00NMSC20160644905-IBT 
:86:20160644905-IBT@103-SDC835601/1@REF 030155743/ 
:61:1608010801C24817,00NMSC20160644906-IBT 
:86:20160644906-IBT@038-SDC833109/1@9B030130529 E S BUKATHSINGHELA/ 
:61:1608010801C23033,00NMSC20160644907-IBT 
:86:20160644907-IBT@110-SDC835853/2@9B030130542/ 
:61:1608010801C2000,00NMSC20160644908-IBT 
:86:20160644908-IBT@110-SDC835913/1@P/N HN-BAC-1991-L110/ 
:61:1608010801C2199,00NMSC20160644909-IBT 
:86:20160644909-IBT@055-SDC836075/1@P/N. 030185230/ 
:61:1608010801C3000,00NMSC20160644910-IBT 
:86:20160644910-IBT@041-SDC836269/1@PN 010186708/ 
:61:1608010801C2003,00NMSC20160644911-IBT 
:86:20160644911-IBT@035-SDC836615/1@P/N NO 030224072/ 
:61:1608010801C1212,00NMSC20160644912-IBT 
:86:20160644912-IBT@034-SDC836856/1@P/N 030165816 KUMARA W N A J/ 
:61:1608010801C3173,00NMSC20160644913-IBT 
:86:20160644913-IBT@103-SDC836910/1@9B030125162 J UDUWELLA/ 
:61:1608010801C3780,00NMSC20160644914-IBT 
:86:20160644914-IBT@055-SDC837028/1@PN 010142564/ 
:61:1608010801C10661,00NMSC20160644915-IBT 
:86:20160644915-IBT@110-SDC837080/1@P/N 030277745/ 
:61:1608010801C2555,00NMSC20160644916-IBT 
:86:20160644916-IBT@002-SDC837126/1@P/N 030264397/ 
:61:1608010801C2177,00NMSC20160644917-IBT 
:86:20160644917-IBT@072-SDC837396/2@HN/IL/14749-NGB R UTHAYARASA/ 
:61:1608010801C520,00NMSC20160644918-IBT 
:86:20160644918-IBT@072-SDC837417/2@010108579 A V DINESH/ 
:61:1608010801C5489,00NMSC20160644919-IBT 
:86:20160644919-IBT@022-SDC837449/1@P/N 010211516/ 
:61:1608010801C1232,00NMSC20160644920-IBT 
:86:20160644920-IBT@069-SDC837705/1@P/N. 030204196/ 
:61:1608010801C4166,00NMSC20160644921-IBT 
:86:20160644921-IBT@064-SDC837846/1@P/N. 010172899 DE SILVA P N/ 
:61:1608010801C25000,00NMSC20160644922-IBT 
:86:20160644922-IBT@039-SDC837907/1@P/N HN-IL-26829-JAF/ 
:61:1608010801C2962,00NMSC20160644923-IBT 
:86:20160644923-IBT@064-SDC837913/1@P/N. 030127345 -DAYARATHNE M H C D/ 
:61:1608010801C6512,00NMSC20160644924-IBT 
:86:20160644924-IBT@034-SDC837932/1@HN-BAC-1190/ 
:61:1608010801C5034,00NMSC20160644925-IBT 
:86:20160644925-IBT@034-SDC837990/1@P/N 030183049/ 
:61:1608010801C3793,00NMSC20160644926-IBT 
:86:20160644926-IBT@039-SDC838158/1@P/N. 010204138/ 
:61:1608010801C10000,00NMSC20160644927-IBT 
:86:20160644927-IBT@072-SDC838250/1@P/N 030271266/ 
:61:1608010801C6111,00NMSC20160644928-IBT 
:86:20160644928-IBT@050-SDC838293/1@P/N 010180246/ 
:61:1608010801C1808,00NMSC20160644929-IBT 
:86:20160644929-IBT@014-SDC838327/1@P/N. 030127447/ 
:61:1608010801C1226,00NMSC20160644930-IBT 
:86:20160644930-IBT@051-SDC838367/1@P/N 030076234 L051- K K J PERERA/ 
:61:1608010801C2053,00NMSC20160644931-IBT 
:86:20160644931-IBT@040-SDC838439/2@9B030123485  T S N FERNANDO/ 
:61:1608010801C5857,00NMSC20160644932-IBT 
:86:20160644932-IBT@040-SDC838465/1@POLICY NO.030140685/ 
:61:1608010801C2010,00NMSC20160644933-IBT 
:86:20160644933-IBT@087-SDC838825/2@010107961 SILVA PKCRBDCD/ 
:61:1608010801C3278,00NMSC20160644934-IBT 
:86:20160644934-IBT@051-SDC838931/1@PN 030231719-L051-K K J PERERA/ 
:61:1608010801C3294,00NMSC20160644935-IBT 
:86:20160644935-IBT@064-SDC837988/1@P/N 030224726-PRIYANI K W/ 
:61:1608010801C2837,00NMSC20160644936-IBT 
:86:20160644936-IBT@040-SDC839178/1@PN 010042066/ 
:61:1608010801C5000,00NMSC20160644937-IBT 
:86:20160644937-IBT@040-SDC839209/1@PN 010183367 EPASINGHE V/ 
:61:1608010801C3000,00NMSC20160644938-IBT 
:86:20160644938-IBT@051-SDC839263/1@P/N 030243287/ 
:61:1608010801C5563,00NMSC20160644939-IBT 
:86:20160644939-IBT@040-SDC839294/1@P/N 030259397 KUMARI K A C/ 
:61:1608010801C1762,00NMSC20160644940-IBT 
:86:20160644940-IBT@036-SDC839389/1@W PIYADASA/ 
:61:1608010801C2190,00NMSC20160644941-IBT 
:86:20160644941-IBT@039-SDC839416/1@R/N 010243668 EDIRISINGHE. C.M/ 
:61:1608010801C2015,00NMSC20160644942-IBT 
:86:20160644942-IBT@081-SDC839460/1@REF 030137233 G.P.KAVIRATHNA/ 
:61:1608010801C2046,00NMSC20160644943-IBT 
:86:20160644943-IBT@040-SDC838463/2@9B030123486 T S N FERNANDO/ 
:61:1608010801C6692,00NMSC20160644944-IBT 
:86:20160644944-IBT@036-SDC839595/1@P/N 030196162/ 
:61:1608010801C12608,00NMSC20160644945-IBT 
:86:20160644945-IBT@036-SDC839621/1@P/N 030183018/ 
:61:1608010801C2535,00NMSC20160644946-IBT 
:86:20160644946-IBT@027-SDC840195/1@P/N 030271059/ 
:61:1608010801C3110,00NMSC20160644947-IBT 
:86:20160644947-IBT@081-SDC840226/1@P/N 030258115/ 
:61:1608010801C3888,00NMSC20160644948-IBT 
:86:20160644948-IBT@081-SDC840373/1@P/N 030266212/ 
:61:1608010801C5303,00NMSC20160644949-IBT 
:86:20160644949-IBT@007-SDC840608/1@P/N 10227214-KALAIKUMAR G/ 
:61:1608010801C5306,00NMSC20160644950-IBT 
:86:20160644950-IBT@007-SDC840632/1@P/N 10227229-ANBURAJA V/ 
:61:1608010801C2500,00NMSC20160644951-IBT 
:86:20160644951-IBT@035-SDC840761/1@P/N 030276114/ 
:61:1608010801C2500,00NMSC20160644952-IBT 
:86:20160644952-IBT@035-SDC840783/1@P/N 030276016/ 
:61:1608010801C15000,00NMSC20160644953-IBT 
:86:20160644953-IBT@024-SDC840777/1@PN 030251852-PRIYANKARA S J/ 
:61:1608010801C2500,00NMSC20160644954-IBT 
:86:20160644954-IBT@035-SDC840811/1@P/N 030276141/ 
:61:1608010801C30000,00NMSC20160644955-IBT 
:86:20160644955-IBT@024-SDC840884/1@PN 030255124 MIRANDA R/ 
:61:1608010801C808,00NMSC20160644956-IBT 
:86:20160644956-IBT@030-SDC840942/1@POL.93 HN-BAC-338-L030/ 
:61:1608010801C2078,00NMSC20160644957-IBT 
:86:20160644957-IBT@083-SDC840971/1@PN-030181511/ 
:61:1608010801C44441,00NMSC20160644958-IBT 
:86:20160644958-IBT@056-SDC841006/1@P/N 010256638 M K S S ALWIS/ 
:61:1608010801C2214,00NMSC20160644959-IBT 
:86:20160644959-IBT@107-SDC841022/1@P/N 030183796/ 
:61:1608010801C3012,00NMSC20160644960-IBT 
:86:20160644960-IBT@107-SDC841095/1@P/N. 010184026/ 
:61:1608010801C1016,00NMSC20160644961-IBT 
:86:20160644961-IBT@024-SDC841746/2@2007/BAC R /H024/346/ 
:61:1608010801C62022,00NMSC20160644962-IBT 
:86:20160644962-IBT@030-SDC841763/1@PN 030243912/ 
:61:1608010801C2666,00NMSC20160644963-IBT 
:86:20160644963-IBT@051-SDC841762/2@2003/ILP-D/GMP/6868/ 
:61:1608010801C1005,00NMSC20160644964-IBT 
:86:20160644964-IBT@024-SDC841767/2@2007/ILP-P2NGB/20387/ 
:61:1608010801C2110,00NMSC20160644965-IBT 
:86:20160644965-IBT@051-SDC841999/2@HN/BAC/1175/L051/ 
:61:1608010801C1550,00NMSC20160644966-IBT 
:86:20160644966-IBT@107-SDC842030/1@P/N. 010160431 - WIJESINGHE D H M S/ 
:61:1608010801C1550,00NMSC20160644967-IBT 
:86:20160644967-IBT@107-SDC842061/1@P/N. 010131536 - S P HALAMBAGE/ 
:61:1608010801C100000,00NMSC20160644968-IBT 
:86:20160644968-IBT@084-SDC842087/1@P/N 030211600-JAYATHILAKA K M D S G/ 
:61:1608010801C10626,00NMSC20160644969-IBT 
:86:20160644969-IBT@107-SDC842100/1@P/N 010237584/ 
:61:1608010801C5000,00NMSC20160644970-IBT 
:86:20160644970-IBT@077-SDC842151/1@PN 010185234-ANURUDDHIKA B F S/ 
:61:1608010801C5550,00NMSC20160644971-IBT 
:86:20160644971-IBT@079-SDC842307/1@P/N 010262606/ 
:61:1608010801C2000,00NMSC20160644972-IBT 
:86:20160644972-IBT@084-SDC842345/1@P/N. 030186909 - W G S NAYANAJITH/ 
:61:1608010801C5920,00NMSC20160644973-IBT 
:86:20160644973-IBT@077-SDC842540/1@P/N 30270205-SAMARASINGHE N G A K/ 
:61:1608010801C1166,00NMSC20160644974-IBT 
:86:20160644974-IBT@094-SDC842537/1@P/N 030215466/ 
:61:1608010801C12023,00NMSC20160644975-IBT 
:86:20160644975-IBT@030-SDC842561/1@POLICY NO.030139268 - K.H.H.R.PRADEEP/ 
:61:1608010801C1070,00NMSC20160644976-IBT 
:86:20160644976-IBT@094-SDC842586/1@PN 010218193/ 
:61:1608010801C1633,00NMSC20160644977-IBT 
:86:20160644977-IBT@070-SDC842585/1@A.C.J.R.KUMARA P.NO 010136070 HNB ASS NEGOMBO/ 
:61:1608010801C1229,00NMSC20160644978-IBT 
:86:20160644978-IBT@079-SDC842694/1@P/N 030055406/ 
:61:1608010801C3356,00NMSC20160644979-IBT 
:86:20160644979-IBT@030-SDC842703/1@P/N. 010038065/ 
:61:1608010801C15000,00NMSC20160644980-IBT 
:86:20160644980-IBT@024-SDC842728/1@PN 030256159 P G S U PALLEWATTA/ 
:61:1608010801C1591,00NMSC20160644981-IBT 
:86:20160644981-IBT@030-SDC842737/2@P/N.010054006/ 
:61:1608010801C2098,00NMSC20160644982-IBT 
:86:20160644982-IBT@070-SDC842882/1@P/N 030182075/ 
:61:1608010801C5000,00NMSC20160644983-IBT 
:86:20160644983-IBT@084-SDC842996/1@P/N 030211587 LIYANAGE L W L/ 
:61:1608010801C1567,00NMSC20160644984-IBT 
:86:20160644984-IBT@030-SDC842598/1@POLICY NO.030151392 - U G S KUMARA/ 
:61:1608010801C47259,00NMSC20160644985-IBT 
:86:20160644985-IBT@080-SDC843337/1@P/N 030128770-W.C.S PERERA/ 
:61:1608010801C3495,00NMSC20160644986-IBT 
:86:20160644986-IBT@051-SDC843391/1@P/N 010279517/ 
:61:1608010801C2174,00NMSC20160644987-IBT 
:86:20160644987-IBT@018-SDC843415/1@P/N 030211086-GUNARATHNE G M T S/ 
:61:1608010801C2500,00NMSC20160644988-IBT 
:86:20160644988-IBT@051-SDC843425/1@P/N 030275897/ 
:61:1608010801C2500,00NMSC20160644989-IBT 
:86:20160644989-IBT@051-SDC843441/1@P/N 030275896/ 
:61:1608010801C2174,00NMSC20160644990-IBT 
:86:20160644990-IBT@018-SDC843449/1@P/N 030214695-DEEPAMALI A N/ 
:61:1608010801C12358,00NMSC20160644991-IBT 
:86:20160644991-IBT@018-SDC843473/1@P/N 030215100/ 
:61:1608010801C16127,00NMSC20160644992-IBT 
:86:20160644992-IBT@018-SDC843500/1@P/N 030216396-PADMINI L G/ 
:61:1608010801C2173,00NMSC20160644993-IBT 
:86:20160644993-IBT@018-SDC843514/1@P/N 030215774-HAMEED A G M S/ 
:61:1608010801C2177,00NMSC20160644994-IBT 
:86:20160644994-IBT@018-SDC843526/1@P/N 030215994-ATHAUDA A R L R/ 
:61:1608010801C3827,00NMSC20160644995-IBT 
:86:20160644995-IBT@018-SDC843541/1@P/N 030212145-BULUGAMMANA B V A A K/ 
:61:1608010801C1425,00NMSC20160644996-IBT 
:86:20160644996-IBT@071-SDC843565/1@P/N.950002844/ 
:61:1608010801C2728,00NMSC20160644997-IBT 
:86:20160644997-IBT@018-SDC843578/1@P/N 030217800-KUMARI M A A/ 
:61:1608010801C1298,00NMSC20160644998-IBT 
:86:20160644998-IBT@094-SDC843728/1@030137520 PERERA WLJAK/ 
:61:1608010801C1255,00NMSC20160644999-IBT 
:86:20160644999-IBT@101-SDC843888/1@P/N 030149829/ 
:61:1608010801C1264,00NMSC20160645000-IBT 
:86:20160645000-IBT@101-SDC843907/1@P/N 030149830/ 
:61:1608010801C1813,00NMSC20160645001-IBT 
:86:20160645001-IBT@101-SDC843923/1@P/N 10065477 / W A B P WEERASINGHA/ 
:61:1608010801C2403,00NMSC20160645002-IBT 
:86:20160645002-IBT@101-SDC843936/1@P/N.030207891/ 
:61:1608010801C9000,00NMSC20160645003-IBT 
:86:20160645003-IBT@026-SDC844345/1@010168965  L S D ABEYRETHNE/ 
:61:1608010801C1134,00NMSC20160645004-IBT 
:86:20160645004-IBT@094-SDC844460/1@PN-010213575/ 
:61:1608010801C1288,00NMSC20160645005-IBT 
:86:20160645005-IBT@094-SDC844474/1@PN-010130755/ 
:61:1608010801C1510,00NMSC20160645006-IBT 
:86:20160645006-IBT@048-SDC844634/1@030141375 S/O PYT/ 
:61:1608010801C3241,00NMSC20160645007-IBT 
:86:20160645007-IBT@094-SDC844661/1@PN-010268335/ 
:61:1608010801C4901,00NMSC20160645008-IBT 
:86:20160645008-IBT@094-SDC844677/1@PN-010141014/ 
:61:1608010801C2357,00NMSC20160645009-IBT 
:86:20160645009-IBT@045-SDC844853/1@9BHN-BAC-98-L045-H.M.INDIKA/ 
:61:1608010801C2173,00NMSC20160645010-IBT 
:86:20160645010-IBT@048-SDC844860/1@P/N 030183148/ 
:61:1608010801C2000,00NMSC20160645011-IBT 
:86:20160645011-IBT@090-SDC844981/1@P/N.030228527/ 
:61:1608010801C2483,00NMSC20160645012-IBT 
:86:20160645012-IBT@098-SDC845085/1@PN 030234306-K G S WICKRAMAPALA/ 
:61:1608010801C3110,00NMSC20160645013-IBT 
:86:20160645013-IBT@070-SDC845118/1@P/N 010102117 K B S D FERNANDO/ 
:61:1608010801C5224,00NMSC20160645014-IBT 
:86:20160645014-IBT@068-SDC845202/1@PN-030259322/ 
:61:1608010801C1250,00NMSC20160645015-IBT 
:86:20160645015-IBT@026-SDC845338/1@NO 030149589 A DARMAPALA/ 
:61:1608010801C10948,00NMSC20160645016-IBT 
:86:20160645016-IBT@068-SDC845683/1@PN-0302663573/ 
:61:1608010801C3123,00NMSC20160645017-IBT 
:86:20160645017-IBT@068-SDC845785/1@P/N 030264434/ 
:61:1608010801C1759,00NMSC20160645018-IBT 
:86:20160645018-IBT@045-SDC846238/2@9B030127575/ 
:61:1608010801C1100,00NMSC20160645019-IBT 
:86:20160645019-IBT@042-SDC846435/2@9B030127448 I.H.NEELA/ 
:61:1608010801C2000,00NMSC20160645020-IBT 
:86:20160645020-IBT@042-SDC846457/1@9B 030129181/ 
:61:1608010801C2000,00NMSC20160645021-IBT 
:86:20160645021-IBT@042-SDC846475/1@9B 030129164/ 
:61:1608010801C1207,00NMSC20160645022-IBT 
:86:20160645022-IBT@042-SDC846539/1@030136245/ 
:61:1608010801C1155,00NMSC20160645023-IBT 
:86:20160645023-IBT@042-SDC846576/1@030144870/ 
:61:1608010801C5194,00NMSC20160645024-IBT 
:86:20160645024-IBT@029-SDC846649/1@P/N-030273077 MANOJKUMAR M/ 
:61:1608010801C2500,00NMSC20160645025-IBT 
:86:20160645025-IBT@033-HN-BAC-1571-SDC846869/1@HN-BAC-1571-L033/ 
:61:1608010801C3226,00NMSC20160645026-IBT 
:86:20160645026-IBT@042-SDC846929/1@P/N 030273118/ 
:61:1608010801C1292,00NMSC20160645027-IBT 
:86:20160645027-IBT@138-SDC847295/1@P/N 30164136 / RODRIGO W W S U/ 
:61:1608010801C2967,00NMSC20160645028-IBT 
:86:20160645028-IBT@124-SDC847439/1@P/N. 030204991/ 
:61:1608010801C6528,00NMSC20160645029-IBT 
:86:20160645029-IBT@028-SDC847473/1@P/N HN-BAC-1499/ 
:61:1608010801C3000,00NMSC20160645030-IBT 
:86:20160645030-IBT@015-SDC847516/1@P/N 030201377/ 
:61:1608010801C2000,00NMSC20160645031-IBT 
:86:20160645031-IBT@135-SDC847617/1@PN 030252079-HAFFAR K M A/ 
:61:1608010801C6187,00NMSC20160645032-IBT 
:86:20160645032-IBT@015-SDC847626/1@P/N 010259761/ 
:61:1608010801C6187,00NMSC20160645033-IBT 
:86:20160645033-IBT@015-SDC847691/1@P/N 010259752/ 
:61:1608010801C1492,00NMSC20160645034-IBT 
:86:20160645034-IBT@028-SDC847706/1@P/N.030181251/ 
:61:1608010801C2000,00NMSC20160645035-IBT 
:86:20160645035-IBT@138-SDC847725/1@PN 010233246/ 
:61:1608010801C1193,00NMSC20160645036-IBT 
:86:20160645036-IBT@028-SDC847842/1@PN 030223339/ 
:61:1608010801C5045,00NMSC20160645037-IBT 
:86:20160645037-IBT@048-SDC848035/1@P/N.030209834/ 
:61:1608010801C10000,00NMSC20160645038-IBT 
:86:20160645038-IBT@135-SDC848045/1@PN-030269500 ANIZHA S A J S/ 
:61:1608010801C26315,00NMSC20160645039-IBT 
:86:20160645039-IBT@144-SDC848050/1@PN-030225488 THANUSHAN R/ 
:61:1608010801C2053,00NMSC20160645040-IBT 
:86:20160645040-IBT@117-SDC848172/1@PN-030254684 SIVATHAS K/ 
:61:1608010801C5306,00NMSC20160645041-IBT 
:86:20160645041-IBT@123-SDC848214/1@PN-030259855 SILVA A T P/ 
:61:1608010801C10500,00NMSC20160645042-IBT 
:86:20160645042-IBT@138-SDC848249/1@P/N.030209626-SAMITHRA A K/ 
:61:1608010801C3187,00NMSC20160645043-IBT 
:86:20160645043-IBT@123-SDC848241/1@PN-030259645 DISSANAYAKE D M H/ 
:61:1608010801C4369,00NMSC20160645044-IBT 
:86:20160645044-IBT@003-SDC848358/1@P/N 030230269/ 
:61:1608010801C490,00NMSC20160645045-IBT 
:86:20160645045-IBT@135-SDC848402/1@P/N 030227010-VARATHAN T/ 
:61:1608010801C1400,00NMSC20160645046-IBT 
:86:20160645046-IBT@135-SDC848438/1@P/N 030234059-SINNARASA S/ 
:61:1608010801C2111,00NMSC20160645047-IBT 
:86:20160645047-IBT@135-SDC848497/1@PN-030195916/ 
:61:1608010801C1013,00NMSC20160645048-IBT 
:86:20160645048-IBT@028-SDC847381/1@030137517/ 
:61:1608010801C1047,00NMSC20160645049-IBT 
:86:20160645049-IBT@028-SDC847382/1@030137518/ 
:61:1608010801C1738,00NMSC20160645050-IBT 
:86:20160645050-IBT@015-SDC848455/2@PN-030144861/ 
:61:1608010801C9000,00NMSC20160645051-IBT 
:86:20160645051-IBT@135-SDC848310/1@P/N HN-BAC-2419-L135 KUNABEKARAN K/ 
:61:1608010801C5069,00NMSC20160645052-IBT 
:86:20160645052-IBT@117-SDC848721/1@P/N 10060655/ 
:61:1608010801C2162,00NMSC20160645053-IBT 
:86:20160645053-IBT@053-SDC848794/1@P/N HN-BAC-1117-L053/ 
:61:1608010801C1764,00NMSC20160645054-IBT 
:86:20160645054-IBT@144-SDC848896/1@S/O PAY K KEERTHIKA  030163103/ 
:61:1608010801C2041,00NMSC20160645055-IBT 
:86:20160645055-IBT@003-SDC849019/1@P/N 030144141/ 
:61:1608010801C3000,00NMSC20160645056-IBT 
:86:20160645056-IBT@132-SDC849015/1@P/N 030273800-JEGATHEESAN S/ 
:61:1608010801C736,00NMSC20160645057-IBT 
:86:20160645057-IBT@118-SDC849046/2@P/N -2004/1LP-P1/4NP/8032/ 
:61:1608010801C3105,00NMSC20160645058-IBT 
:86:20160645058-IBT@085-SDC849066/1@PN-010263449 DUNUWILAGE N P/ 
:61:1608010801C1580,00NMSC20160645059-IBT 
:86:20160645059-IBT@118-SDC849078/2@P/N -2006/ILP-P2/JAF/145/ 
:61:1608010801C2200,00NMSC20160645060-IBT 
:86:20160645060-IBT@075-SDC849106/1@PN-030238916 SWARNALATHA J P/ 
:61:1608010801C1085,00NMSC20160645061-IBT 
:86:20160645061-IBT@144-SDC849102/1@PN-010045067 KUGATHASASARMA S S/ 
:61:1608010801C6363,00NMSC20160645062-IBT 
:86:20160645062-IBT@136-SDC849216/1@P/N 030239066/ 
:61:1608010801C2024,00NMSC20160645063-IBT 
:86:20160645063-IBT@118-SDC849233/1@P/N 030140589/ 
:61:1608010801C2000,00NMSC20160645064-IBT 
:86:20160645064-IBT@132-SDC849303/1@PN-030265782 MITHUNAN B/ 
:61:1608010801C2614,00NMSC20160645065-IBT 
:86:20160645065-IBT@124-SDC849302/1@P/N. 030203423/ 
:61:1608010801C3384,00NMSC20160645066-IBT 
:86:20160645066-IBT@058-SDC849467/1@P/N 030224637/ 
:61:1608010801C2405,00NMSC20160645067-IBT 
:86:20160645067-IBT@118-SDC849188/1@POLICY NO 030142503/ 
:61:1608010801C2166,00NMSC20160645068-IBT 
:86:20160645068-IBT@118-SDC849159/1@POLICY NO 030140598/ 
:61:1608010801C5000,00NMSC20160645069-IBT 
:86:20160645069-IBT@136-HN-BAC-1402-SDC849771/1@HN-BAC-1402-L136/ 
:61:1608010801C15000,00NMSC20160645070-IBT 
:86:20160645070-IBT@136-HN-BAC-1403-SDC849799/1@HN-BAC-1403-L136/ 
:61:1608010801C2000,00NMSC20160645071-IBT 
:86:20160645071-IBT@136-SDC849893/1@P/N.030205988-DHARMAPRIYANI D M S K/ 
:61:1608010801C2277,00NMSC20160645072-IBT 
:86:20160645072-IBT@106-SDC849937/1@P/N HN-BAC-2261-L106 / GNANARATHNA G K/ 
:61:1608010801C1710,00NMSC20160645073-IBT 
:86:20160645073-IBT@147-SDC849987/1@P/N 030176150/ 
:61:1608010801C2192,00NMSC20160645074-IBT 
:86:20160645074-IBT@147-SDC850044/1@P/N. 030208505/ 
:61:1608010801C2167,00NMSC20160645075-IBT 
:86:20160645075-IBT@106-SDC850180/1@PN-030266058/ 
:61:1608010801C2500,00NMSC20160645076-IBT 
:86:20160645076-IBT@159-SDC850250/1@P/N.030216431/ 
:61:1608010801C6549,00NMSC20160645077-IBT 
:86:20160645077-IBT@141-SDC850425/1@P/N 030229360-ATHUKORALA A H P/ 
:61:1608010801C1905,00NMSC20160645078-IBT 
:86:20160645078-IBT@150-SDC850716/1@030162751/ 
:61:1608010801C1694,00NMSC20160645079-IBT 
:86:20160645079-IBT@011-SDC851087/1@P/NO.030161546 BALAKUMARAN P/ 
:61:1608010801C1036,00NMSC20160645080-IBT 
:86:20160645080-IBT@011-SDC851212/1@P/N 010118558/ 
:61:1608010801C915,00NMSC20160645081-IBT 
:86:20160645081-IBT@011-SDC851241/1@P/N 010118719/ 
:61:1608010801C1503,00NMSC20160645082-IBT 
:86:20160645082-IBT@141-SDC851312/1@P/N 010124933-DASSANAYAKE D G K M C P/ 
:61:1608010801C2109,00NMSC20160645083-IBT 
:86:20160645083-IBT@057-SDC851401/1@PN 030195877/ 
:61:1608010801C4045,00NMSC20160645084-IBT 
:86:20160645084-IBT@011-SDC851409/1@PN 030240758/ 
:61:1608010801C2358,00NMSC20160645085-IBT 
:86:20160645085-IBT@011-SDC851428/1@PN 030239742-SENADHIRA K G K/ 
:61:1608010801C2235,00NMSC20160645086-IBT 
:86:20160645086-IBT@011-SDC851448/1@PN 030240548-R. DINESH KUMAR/ 
:61:1608010801C2000,00NMSC20160645087-IBT 
:86:20160645087-IBT@057-SDC851480/1@P/N 010242742/ 
:61:1608010801C5891,00NMSC20160645088-IBT 
:86:20160645088-IBT@011-SDC851446/1@PN 030238370-PRABAKARAN S/ 
:61:1608010801C5000,00NMSC20160645089-IBT 
:86:20160645089-IBT@031-SDC851880/1@P/N. 010190421 - MICHAEL I/ 
:61:1608010801C3158,00NMSC20160645090-IBT 
:86:20160645090-IBT@162-SDC852042/1@P/N HN-BAC-2315-L162 / KUMARA N A N C P/ 
:61:1608010801C5159,00NMSC20160645091-IBT 
:86:20160645091-IBT@162-SDC852041/1@P/N 030181259 RAMBANDA K W A M  A G/ 
:61:1608010801C2930,00NMSC20160645092-IBT 
:86:20160645092-IBT@044-SDC852165/1@PN- 030140316 KUMARASINGHE K A G/ 
:61:1608010801C1799,00NMSC20160645093-IBT 
:86:20160645093-IBT@032-SDC852184/2@POLICY NO. HN-IL-6799(AP)/ 
:61:1608010801C1787,00NMSC20160645094-IBT 
:86:20160645094-IBT@032-SDC852198/2@POLICY NO. HN-IL-6770(AP)/ 
:61:1608010801C1673,00NMSC20160645095-IBT 
:86:20160645095-IBT@032-SDC852246/2@2007/ILP-P2/VNY/17856/ 
:61:1608010801C1002,00NMSC20160645096-IBT 
:86:20160645096-IBT@032-SDC852293/2@POLICY NO 010108657/ 
:61:1608010801C1060,00NMSC20160645097-IBT 
:86:20160645097-IBT@032-SDC852310/2@POLICY NO 010110370/ 
:61:1608010801C4001,00NMSC20160645098-IBT 
:86:20160645098-IBT@032-SDC852350/1@S/O PAY 010175102/ 
:61:1608010801C1045,00NMSC20160645099-IBT 
:86:20160645099-IBT@032-SDC852372/1@P/N 010173775 S PRABAKARAN/ 
:61:1608010801C2189,00NMSC20160645100-IBT 
:86:20160645100-IBT@013-SDC852518/1@P/N 030216404-UBEYSEKARA M/ 
:61:1608010801C4383,00NMSC20160645101-IBT 
:86:20160645101-IBT@151-SDC852596/1@PN 030248170-ROHANA S A N/ 
:61:1608010801C1504,00NMSC20160645102-IBT 
:86:20160645102-IBT@020-SDC852826/1@P/N 010101026/ 
:61:1608010801C2242,00NMSC20160645103-IBT 
:86:20160645103-IBT@151-SDC852891/1@PN-030256003/ 
:61:1608010801C2228,00NMSC20160645104-IBT 
:86:20160645104-IBT@013-SDC853151/1@PN-010267838/ 
:61:1608010801C6188,00NMSC20160645105-IBT 
:86:20160645105-IBT@168-SDC853280/1@PN-030251447/ 
:61:1608010801C3984,00NMSC20160645106-IBT 
:86:20160645106-IBT@168-SDC853312/1@PN-010255713/ 
:61:1608010801C5000,00NMSC20160645107-IBT 
:86:20160645107-IBT@168-SDC853337/1@P/N 030257970/ 
:61:1608010801C1238,00NMSC20160645108-IBT 
:86:20160645108-IBT@012-SDC853339/1@POLICY NUM 010032297/ 
:61:1608010801C2000,00NMSC20160645109-IBT 
:86:20160645109-IBT@165-SDC853231/1@P/N. 030190771 - PIRASANTHAN V/ 
:61:1608010801C2000,00NMSC20160645110-IBT 
:86:20160645110-IBT@165-SDC853563/1@HN-BAC-877-L-165/ 
:61:1608010801C2500,00NMSC20160645111-IBT 
:86:20160645111-IBT@168-SDC853906/1@P/N 030274029/ 
:61:1608010801C3160,00NMSC20160645112-IBT 
:86:20160645112-IBT@151-SDC854073/1@P/N 030229064/ 
:61:1608010801C6000,00NMSC20160645113-IBT 
:86:20160645113-IBT@166-SDC853771/1@P/N.030205550/ 
:61:1608010801C2051,00NMSC20160645114-IBT 
:86:20160645114-IBT@151-SDC854087/1@P/N 030228064/ 
:61:1608010801C2000,00NMSC20160645115-IBT 
:86:20160645115-IBT@176-SDC854494/1@P/N 030272019/ 
:61:1608010801C4779,00NMSC20160645116-IBT 
:86:20160645116-IBT@177-SDC854539/1@PN-030252872/ 
:61:1608010801C4779,00NMSC20160645117-IBT 
:86:20160645117-IBT@177-SDC854550/1@PN-030252872/ 
:61:1608010801C6425,00NMSC20160645118-IBT 
:86:20160645118-IBT@182-SDC854634/1@P/N HN-BAC-2539-L182 / WASANTHI L P R/ 
:61:1608010801C1862,00NMSC20160645119-IBT 
:86:20160645119-IBT@180-SDC854818/1@P/N 030227530/ 
:61:1608010801C1862,00NMSC20160645120-IBT 
:86:20160645120-IBT@180-SDC854828/1@P/N 030227530/ 
:61:1608010801C5117,00NMSC20160645121-IBT 
:86:20160645121-IBT@180-SDC854897/1@P/N 030231869/ 
:61:1608010801C2000,00NMSC20160645122-IBT 
:86:20160645122-IBT@016-SDC855462/1@P/N HN-BAC-2410 /THUTHIKARA S/ 
:61:1608010801C2000,00NMSC20160645123-IBT 
:86:20160645123-IBT@016-SDC855504/1@P/N HN-BAC-2410 /THUTHIKARA S/ 
:61:1608010801C2000,00NMSC20160645124-IBT 
:86:20160645124-IBT@192-SDC855719/1@P/N 030212628/ 
:61:1608010801C2000,00NMSC20160645125-IBT 
:86:20160645125-IBT@163-SDC855723/1@P/N.030210755-DASANAYAKE D P C K/ 
:61:1608010801C1213,00NMSC20160645126-IBT 
:86:20160645126-IBT@187-SDC856145/1@PN-010046952/ 
:61:1608010801C7898,00NMSC20160645127-IBT 
:86:20160645127-IBT@140-SDC856175/1@PN-030231106 MADHUSANKA T P N/ 
:61:1608010801C8029,00NMSC20160645128-IBT 
:86:20160645128-IBT@140-SDC856183/1@PN-030231448 L D N BUDDHIKA/ 
:61:1608010801C1001,00NMSC20160645129-IBT 
:86:20160645129-IBT@205-SDC856423/1@P/N 010147290 S PRAGASH/ 
:61:1608010801C7942,00NMSC20160645130-IBT 
:86:20160645130-IBT@196-SDC856515/1@P/N 030232817/ 
:61:1608010801C2139,00NMSC20160645131-IBT 
:86:20160645131-IBT@140-SDC856530/1@P/N 030161285/ 
:61:1608010801C3603,00NMSC20160645132-IBT 
:86:20160645132-IBT@203-SDC856698/1@PN 030247796/ 
:61:1608010801C2176,00NMSC20160645133-IBT 
:86:20160645133-IBT@203-SDC856714/1@PN 030248202/ 
:61:1608010801C3000,00NMSC20160645134-IBT 
:86:20160645134-IBT@196-SDC856779/1@P/N 030273307/ 
:61:1608010801C3433,00NMSC20160645135-IBT 
:86:20160645135-IBT@203-SDC856848/1@P/N 030254258/ 
:61:1608010801C1569,00NMSC20160645136-IBT 
:86:20160645136-IBT@139-SDC856880/1@P/N 030170606/ 
:61:1608010801C2082,00NMSC20160645137-IBT 
:86:20160645137-IBT@208-SDC856919/1@PN 030233563/ 
:61:1608010801C2082,00NMSC20160645138-IBT 
:86:20160645138-IBT@206-SDC856945/1@P/N 010271272/ 
:61:1608010801C1000,00NMSC20160645139-IBT 
:86:20160645139-IBT@201-SDC856977/1@P/N 030216098-DHARMAPRIYA H N M N/ 
:61:1608010801C1432,00NMSC20160645140-IBT 
:86:20160645140-IBT@152-SDC857070/2@S/O PAY-2008/ILP/66/NGB/P2 010101533/ 
:61:1608010801C1010,00NMSC20160645141-IBT 
:86:20160645141-IBT@197-SDC857181/1@P/N 030166995/ 
:61:1608010801C2000,00NMSC20160645142-IBT 
:86:20160645142-IBT@199-SDC857192/1@P/N 030257582KUMARA S Y G J S/ 
:61:1608010801C2179,00NMSC20160645143-IBT 
:86:20160645143-IBT@199-SDC857363/1@P/N 030271069- J M C KUMARI/ 
:61:1608010801C9104,00NMSC20160645144-IBT 
:86:20160645144-IBT@139-SDC857048/1@PN 030240755/ 
:61:1608010801C3600,00NMSC20160645145-IBT 
:86:20160645145-IBT@215-SDC857740/1@P/N 030275089/ 
:61:1608010801C2200,00NMSC20160645146-IBT 
:86:20160645146-IBT@216-SDC857854/1@PN 030249080-SADARUWAN W H U/ 
:61:1608010801C15000,00NMSC20160645147-IBT 
:86:20160645147-IBT@207-SDC857877/1@PN-010264975/ 
:61:1608010801C15000,00NMSC20160645148-IBT 
:86:20160645148-IBT@207-SDC857890/1@PN-010264976/ 
:61:1608010801C10000,00NMSC20160645149-IBT 
:86:20160645149-IBT@207-SDC857936/1@P/N 010267038/ 
:61:1608010801C10000,00NMSC20160645150-IBT 
:86:20160645150-IBT@207-SDC857949/1@P/N 010267148/ 
:61:1608010801C5295,00NMSC20160645151-IBT 
:86:20160645151-IBT@201-SDC858023/1@P/N 010273269/ 
:61:1608010801C12774,00NMSC20160645152-IBT 
:86:20160645152-IBT@224-SDC858450/2@9B030130322 MR.R.D.D.SSUMANANANDA/ 
:61:1608010801C792,00NMSC20160645153-IBT 
:86:20160645153-IBT@221-SDC858452/1@P/N.030030590-SAMUEL E J H/ 
:61:1608010801C1034,00NMSC20160645154-IBT 
:86:20160645154-IBT@189-SDC858461/1@P/N. 030140602 -SHARMINA K/ 
:61:1608010801C1467,00NMSC20160645155-IBT 
:86:20160645155-IBT@217-SDC858538/1@PN 010243634/ 
:61:1608010801C2618,00NMSC20160645156-IBT 
:86:20160645156-IBT@016-SDC858556/1@DC137576/ 
:61:1608010801C3277,00NMSC20160645157-IBT 
:86:20160645157-IBT@226-SDC858876/1@P/N 010273216-AKARAVITA A S S/ 
:61:1608010801C3289,00NMSC20160645158-IBT 
:86:20160645158-IBT@226-SDC858882/1@P/N 010273315-WEERAKKODY W A G C/ 
:61:1608010801C2775,00NMSC20160645159-IBT 
:86:20160645159-IBT@226-SDC858887/1@P/N 010273271/ 
:61:1608010801C3116,00NMSC20160645160-IBT 
:86:20160645160-IBT@229-SDC859255/2@P/N 010149657 ID/N 742070212V/ 
:61:1608010801C1622,00NMSC20160645161-IBT 
:86:20160645161-IBT@235-SDC859361/2@P/N 010171936/ 
:61:1608010801C3750,00NMSC20160645162-IBT 
:86:20160645162-IBT@235-SDC859372/2@DC277654/ 
:61:1608010801C993,00NMSC20160645163-IBT 
:86:20160645163-IBT@241-SDC859580/2@P/N 010019670 - V IRASENTHIRAN/ 
:61:1608010801C5656,00NMSC20160645164-IBT 
:86:20160645164-IBT@246-SDC859709/2@9B-HN-BAC-219-L015/ 
:61:1608010801C7555,00NMSC20160645165-IBT 
:86:20160645165-IBT@239-SDC860025/2@PN 030244930-RUWANPATHIRANA D A/ 
:61:1608010801C2700,00NMSC20160645166-IBT 
:86:20160645166-IBT@013-SDC867548/2@010109444/ 
:61:1608010801C2198,00NMSC20160645167-IBT 
:86:20160645167-IBT@051-SDC868070/2@030195535/ 
:61:1608010801C2295,00NMSC20160645168-IBT 
:86:20160645168-IBT@035-SDC869826/2@010144937/ 
:61:1608010801C1180,00NMSC20160645169-IBT 
:86:20160645169-IBT@035-SDC869879/2@030201181/ 
:61:1608010801C1035,00NMSC20160645170-IBT 
:86:20160645170-IBT@035-SDC869933/2@010141190/ 
:61:1608010801C5374,00NMSC20160645171-IBT 
:86:20160645171-IBT@042-SDC870425/2@030177420/ 
:61:1608010801C24000,00NMSC20160645172-IBT 
:86:20160645172-IBT@035-SDC876638/2@2016/CLS/00363/ 
:61:1608010801C5000,00NMSC20160645173-IBT 
:86:20160645173-IBT@061-SDC879847/2@030239350/ 
:61:1608010801C1200,00NMSC20160645174-IBT 
:86:20160645174-IBT@009-SDC880386/2@010221644/ 
:61:1608010801C10362,00NMSC20160645175-IBT 
:86:20160645175-IBT@056-SDC884957/2@030243213/ 
:61:1608010801C2700,00NMSC20160645176-IBT 
:86:20160645176-IBT@027-SDC888234/2@010239893/ 
:61:1608010801C2170,00NMSC20160645177-IBT 
:86:20160645177-IBT@038-SDC888842/2@010233308/ 
:61:1608010801C2200,00NMSC20160645178-IBT 
:86:20160645178-IBT@035-SDC891590/2@010232075/ 
:61:1608010801C2197,00NMSC20160645179-IBT 
:86:20160645179-IBT@072-SDC894179/2@030204591/ 
:61:1608010801C2586,00NMSC20160645180-IBT 
:86:20160645180-IBT@018-SDC908630/2@010190229/ 
:61:1608010801C2200,00NMSC20160645181-IBT 
:86:20160645181-IBT@018-SDC909485/2@010189128/ 
:61:1608010801C2200,00NMSC20160645182-IBT 
:86:20160645182-IBT@018-SDC909594/2@010188890/ 
:61:1608010801C1515,00NMSC20160645183-IBT 
:86:20160645183-IBT@010-SDC950105/2@FT - 010020342112/ MEEHELLA M D U A/ 
:61:1608010801C1689,00NMSC20160645184-IBT 
:86:20160645184-IBT@125-SDC963563/2@010125268/ 
:61:1608010801C2595,00NMSC20160645185-IBT 
:86:20160645185-IBT@125-SDC963831/2@010239384/ 
:61:1608010801C2200,00NMSC20160645186-IBT 
:86:20160645186-IBT@125-SDC971233/2@010237816/ 
:61:1608010801C2540,00NMSC20160645187-IBT 
:86:20160645187-IBT@056-SDC971407/2@010260102/ 
:61:1608010801C2550,00NMSC20160645188-IBT 
:86:20160645188-IBT@056-SDC971456/2@010260103/ 
:61:1608010801C5962,00NMSC20160645189-IBT 
:86:20160645189-IBT@018-SDC995265/2@010223847/ 
:61:1608010801C1996,00NMSC20160645190-IBT 
:86:20160645190-IBT@018-SDC995319/2@010102722/ 
:61:1608010801C75000,00NMSC20160645191-IBT 
:86:20160645191-IBT@004-SDC52256/1@IW SLIPS/CPU290716000572-010184293-K BALASUBRAMANI/ 
:61:1608010801C19845,00NMSC20160645192-IBT 
:86:20160645192-IBT@004-SDC52575/1@IW SLIPS/160729000250-010075056-TO SUS NELUWA/ 
:61:1608010801C1227,00NMSC20160645193-IBT 
:86:20160645193-IBT@004-SDC52574/1@IW SLIPS/160729000187-010075936-TO SUS NELUWA/ 
:61:1608010801C1100,00NMSC20160645194-IBT 
:86:20160645194-IBT@165-SDC853599/1@P/N 30253025/ 
:61:1608010801C1100,00NMSC20160645195-IBT 
:86:20160645195-IBT@165-SDC853604/1@P/N 30253025/ 
:61:1608010801C1100,00NMSC20160645196-IBT 
:86:20160645196-IBT@165-SDC853607/1@P/N 30253025/ 
:61:1608010801C1413,00NMSC20160645197-IBT 
:86:20160645197-IBT@157-SDC65685/2@010220636/ 
:61:1608010801C3650,00NMSC20160645198-IBT 
:86:20160645198-IBT@107-SDC65943/2@010259825/ 
:61:1608010801C5820,00NMSC20160645199-IBT 
:86:20160645199-IBT@036-SDC65954/2@010215049/ 
:61:1608010801C2000,00NMSC20160645200-IBT 
:86:20160645200-IBT@076-SDC66135/2@030183778/ 
:61:1608010801C3284,00NMSC20160645201-IBT 
:86:20160645201-IBT@220-SDC66803/2@010186750 W M SUNIL/ 
:61:1608010801C2316,00NMSC20160645202-IBT 
:86:20160645202-IBT@118-SDC849189/1@POLICY NO 030142509/ 
:61:1608010801C2129,00NMSC20160645203-IBT 
:86:20160645203-IBT@053-SDC848824/1@P/N HN-IL-27606-MRG/ 
:61:1608010801C5585,00NMSC20160645204-IBT 
:86:20160645204-IBT@035-SDC67277/2@010170953/ 
:61:1608010801C12000,00NMSC20160645205-IBT 
:86:20160645205-IBT@075-SDC67635/2@010176735/ 
:61:1608010801C2042,00NMSC20160645206-IBT 
:86:20160645206-IBT@025-SDC68553/2@030202941/ 
:61:1608010801C1753,00NMSC20160645207-IBT 
:86:20160645207-IBT@049-SDC830222/2@POLICY NO: 9B030125191- MR. M. P CHANDRAKUMARA/ 
:61:1608010801C1060,00NMSC20160645208-IBT 
:86:20160645208-IBT@029-SDC69517/2@010049743/ 
:61:1608010801C1070,00NMSC20160645209-IBT 
:86:20160645209-IBT@209-SDC70688/2@010153222/ 
:61:1608010801C2005,00NMSC20160645210-IBT 
:86:20160645210-IBT@023-SDC70702/2@010054549/ 
:61:1608010801C2200,00NMSC20160645211-IBT 
:86:20160645211-IBT@107-SDC71049/2@010010376/ 
:61:1608010801C2110,00NMSC20160645212-IBT 
:86:20160645212-IBT@155-SDC71313/2@010223765/ 
:61:1608010801C3605,00NMSC20160645213-IBT 
:86:20160645213-IBT@180-SDC71771/2@010254159/ 
:61:1608010801C1500,00NMSC20160645214-IBT 
:86:20160645214-IBT@033-SDC72133/2@2006/ILP-P2/NWE/4074/ 
:61:1608010801C5329,00NMSC20160645215-IBT 
:86:20160645215-IBT@024-SDC841725/2@2006/BAC-R/H024/264/ 
:61:1608010801C3075,00NMSC20160645216-IBT 
:86:20160645216-IBT@121-SDC72294/2@010143134/ 
:61:1608010801C5020,00NMSC20160645217-IBT 
:86:20160645217-IBT@098-SDC72451/2@010217440/ 
:61:1608010801C1150,00NMSC20160645218-IBT 
:86:20160645218-IBT@241-SDC72468/2@010077937/ 
:61:1608010801C3186,00NMSC20160645219-IBT 
:86:20160645219-IBT@123-SDC72912/2@030280246/ 
:61:1608010801C1578,00NMSC20160645220-IBT 
:86:20160645220-IBT@111-SDC828729/1@030137528/ 
:61:1608010801C3210,00NMSC20160645221-IBT 
:86:20160645221-IBT@100-SDC73075/2@010054065/ 
:61:1608010801C1976,00NMSC20160645222-IBT 
:86:20160645222-IBT@196-SDC73160/2@010111269/ 
:61:1608010801C2053,00NMSC20160645223-IBT 
:86:20160645223-IBT@170-SDC854406/1@P/N 030178169/ 
:61:1608010801C9900,00NMSC20160645224-IBT 
:86:20160645224-IBT@059-SDC73500/2@030196178/ 
:61:1608010801C3520,00NMSC20160645225-IBT 
:86:20160645225-IBT@235-SDC73615/2@010141933/ 
:61:1608010801C2200,00NMSC20160645226-IBT 
:86:20160645226-IBT@035-SDC73750/2@010231125/ 
:61:1608010801C60161,00NMSC20160645227-IBT 
:86:20160645227-IBT@084-SDC74156/2@010182127/ 
:61:1608010801C2971,00NMSC20160645228-IBT 
:86:20160645228-IBT@208-SDC74585/2@030215044/ 
:61:1608010801C3200,00NMSC20160645229-IBT 
:86:20160645229-IBT@077-SDC74700/2@010123645/ 
:61:1608010801C2592,00NMSC20160645230-IBT 
:86:20160645230-IBT@102-SDC75022/2@010222225/ 
:61:1608010801C1022,00NMSC20160645231-IBT 
:86:20160645231-IBT@102-SDC75080/2@030066214/ 
:61:1608010801C2000,00NMSC20160645232-IBT 
:86:20160645232-IBT@233-SDC75184/2@010164153/ 
:61:1608010801C4192,00NMSC20160645233-IBT 
:86:20160645233-IBT@167-SDC76112/2@030274764/ 
:61:1608010801C4045,00NMSC20160645234-IBT 
:86:20160645234-IBT@167-SDC76191/2@030274882/ 
:61:1608010801C1345,00NMSC20160645235-IBT 
:86:20160645235-IBT@082-SDC76291/2@030130828/ 
:61:1608010801C1011,00NMSC20160645236-IBT 
:86:20160645236-IBT@082-SDC76399/2@030165697/ 
:61:1608010801C1500,00NMSC20160645237-IBT 
:86:20160645237-IBT@233-SDC76541/2@010127321/ 
:61:1608010801C3660,00NMSC20160645238-IBT 
:86:20160645238-IBT@149-SDC76611/2@010139999/ 
:61:1608010801C2448,00NMSC20160645239-IBT 
:86:20160645239-IBT@211-SDC76851/2@10237137/ 
:61:1608010801C1524,00NMSC20160645240-IBT 
:86:20160645240-IBT@041-SDC76969/2@010125925/ 
:61:1608010801C2160,00NMSC20160645241-IBT 
:86:20160645241-IBT@199-SDC77206/2@030271715/ 
:61:1608010801C5200,00NMSC20160645242-IBT 
:86:20160645242-IBT@132-SDC78024/2@010050965/ 
:61:1608010801C3010,00NMSC20160645243-IBT 
:86:20160645243-IBT@183-SDC78046/2@010182515/ 
:61:1608010801C3500,00NMSC20160645244-IBT 
:86:20160645244-IBT@143-SDC78101/2@030277195,W G N SAMPATH/ 
:61:1608010801C3378,00NMSC20160645245-IBT 
:86:20160645245-IBT@123-DC30775/2@2016/BAC/0026/L123/P/ 
:61:1608010801C7121,00NMSC20160645246-IBT 
:86:20160645246-IBT@064-SDC78914/2@010247606/ 
:61:1608010801C6110,00NMSC20160645247-IBT 
:86:20160645247-IBT@064-SDC78982/2@010259175/ 
:61:1608010801C5971,00NMSC20160645248-IBT 
:86:20160645248-IBT@064-SDC79047/2@010253399/ 
:61:1608010801C1194,00NMSC20160645249-IBT 
:86:20160645249-IBT@064-SDC79178/2@010253397/ 
:61:1608010801C1100,00NMSC20160645250-IBT 
:86:20160645250-IBT@070-SDC79267/2@010116351/ 
:61:1608010801C2200,00NMSC20160645251-IBT 
:86:20160645251-IBT@210-SDC79290/2@010190909/ 
:61:1608010801C4035,00NMSC20160645252-IBT 
:86:20160645252-IBT@009-SDC79630/2@2004/LIP/D/BRC/9694/ 
:61:1608010801C2130,00NMSC20160645253-IBT 
:86:20160645253-IBT@199-SDC79763/2@010260507/ 
:61:1608010801C4575,00NMSC20160645254-IBT 
:86:20160645254-IBT@201-SDC79945/2@010212807/ 
:61:1608010801C1125,00NMSC20160645255-IBT 
:86:20160645255-IBT@079-SDC80298/2@010144650/ 
:61:1608010801C2000,00NMSC20160645256-IBT 
:86:20160645256-IBT@023-SDC80356/2@030229050/ 
:61:1608010801C2951,00NMSC20160645257-IBT 
:86:20160645257-IBT@137-SDC80541/2@010202176 T.THIVIYA/ 
:61:1608010801C1500,00NMSC20160645258-IBT 
:86:20160645258-IBT@107-SDC81054/2@010243355/ 
:61:1608010801C3300,00NMSC20160645259-IBT 
:86:20160645259-IBT@170-SDC81461/2@10063797/ 
:61:1608010801C2000,00NMSC20160645260-IBT 
:86:20160645260-IBT@212-SDC81840/2@010251880/ 
:61:1608010801C2200,00NMSC20160645261-IBT 
:86:20160645261-IBT@039-SDC81878/2@010245661/ 
:61:1608010801C7000,00NMSC20160645262-IBT 
:86:20160645262-IBT@163-SDC82076/2@030231868/ 
:61:1608010801C2000,00NMSC20160645263-IBT 
:86:20160645263-IBT@165-SDC82163/2@030269257/ 
:61:1608010801C1120,00NMSC20160645264-IBT 
:86:20160645264-IBT@080-SDC82395/2@010068721/ 
:61:1608010801C3000,00NMSC20160645265-IBT 
:86:20160645265-IBT@210-SDC82412/2@010200018/ 
:61:1608010801C3534,00NMSC20160645266-IBT 
:86:20160645266-IBT@081-SDC82490/2@2016/BAC/AGD/L081/00028/ 
:61:1608010801C28046,00NMSC20160645267-IBT 
:86:20160645267-IBT@035-SDC82523/2@010110781/ 
:61:1608010801C1300,00NMSC20160645268-IBT 
:86:20160645268-IBT@126-SDC82548/2@010035835/ 
:61:1608010801C2000,00NMSC20160645269-IBT 
:86:20160645269-IBT@110-SDC82713/2@010188811/ 
:61:1608010801C3256,00NMSC20160645270-IBT 
:86:20160645270-IBT@077-SDC82970/2@010133487/ 
:61:1608010801C1616,00NMSC20160645271-IBT 
:86:20160645271-IBT@076-SDC83057/2@030165998/ 
:61:1608010801C6473,00NMSC20160645272-IBT 
:86:20160645272-IBT@143-SDC83092/2@01082016,R M I S RAJAKARUNA/ 
:61:1608010801C2197,00NMSC20160645273-IBT 
:86:20160645273-IBT@035-SDC83102/2@010062841/ 
:61:1608010801C2738,00NMSC20160645274-IBT 
:86:20160645274-IBT@035-SDC83196/2@010251240/ 
:61:1608010801C12000,00NMSC20160645275-IBT 
:86:20160645275-IBT@137-SDC83975/2@030268553  B.PIRATHEEPAN/ 
:61:1608010801C4400,00NMSC20160645276-IBT 
:86:20160645276-IBT@125-SDC84312/2@010242457/ 
:61:1608010801C3653,00NMSC20160645277-IBT 
:86:20160645277-IBT@099-SDC84495/2@010184232/ 
:61:1608010801C1100,00NMSC20160645278-IBT 
:86:20160645278-IBT@215-SDC84830/2@010236192/ 
:61:1608010801C18107,00NMSC20160645279-IBT 
:86:20160645279-IBT@155-DC29169/2@2016/2352/HNB/ 
:61:1608010801C6090,00NMSC20160645280-IBT 
:86:20160645280-IBT@155-DC29328/2@2016/2343/HNB/ 
:61:1608010801C7460,00NMSC20160645281-IBT 
:86:20160645281-IBT@155-DC29452/2@2016/2345/HNB/ 
:61:1608010801C3400,00NMSC20160645282-IBT 
:86:20160645282-IBT@093-SDC85028/2@10053976/ 
:61:1608010801C6100,00NMSC20160645283-IBT 
:86:20160645283-IBT@099-SDC85093/2@10257669/ 
:61:1608010801C2050,00NMSC20160645284-IBT 
:86:20160645284-IBT@107-SDC85288/2@010124775/ 
:61:1608010801C7238,00NMSC20160645285-IBT 
:86:20160645285-IBT@085-DC46280/2@2016BYG00178/ 
:61:1608010801C2165,00NMSC20160645286-IBT 
:86:20160645286-IBT@107-SDC85805/2@010069287/ 
:61:1608010801C3870,00NMSC20160645287-IBT 
:86:20160645287-IBT@097-SDC85881/2@010248031/ 
:61:1608010801C800,00NMSC20160645288-IBT 
:86:20160645288-IBT@089-SDC85920/2@010037156/ 
:61:1608010801C2600,00NMSC20160645289-IBT 
:86:20160645289-IBT@022-SDC86085/2@010193613/ 
:61:1608010801C1090,00NMSC20160645290-IBT 
:86:20160645290-IBT@094-SDC86227/2@010017024/ 
:61:1608010801C1020,00NMSC20160645291-IBT 
:86:20160645291-IBT@126-SDC86524/2@010103256/ 
:61:1608010801C1000,00NMSC20160645292-IBT 
:86:20160645292-IBT@126-SDC86612/2@010167217/ 
:61:1608010801C5800,00NMSC20160645293-IBT 
:86:20160645293-IBT@080-SDC87736/2@010209068/ 
:61:1608010801C1570,00NMSC20160645294-IBT 
:86:20160645294-IBT@153-SDC88164/2@010151733/ 
:61:1608010801C3088,00NMSC20160645295-IBT 
:86:20160645295-IBT@077-SDC88435/2@010266917/ 
:61:1608010801C24033,00NMSC20160645296-IBT 
:86:20160645296-IBT@027-SDC88660/2@010130409/ 
:61:1608010801C2000,00NMSC20160645297-IBT 
:86:20160645297-IBT@029-SDC88813/2@10110484/ 
:61:1608010801C2190,00NMSC20160645298-IBT 
:86:20160645298-IBT@139-DC51787/2@030278277DRIEBERY/ 
:61:1608010801C2688,00NMSC20160645299-IBT 
:86:20160645299-IBT@081-SDC88883/2@030278930/ 
:61:1608010801C1500,00NMSC20160645300-IBT 
:86:20160645300-IBT@018-SDC88900/2@010049660/ 
:61:1608010801C1310,00NMSC20160645301-IBT 
:86:20160645301-IBT@230-SDC89275/2@010150635/ 
:61:1608010801C752,00NMSC20160645302-IBT 
:86:20160645302-IBT@077-SDC89354/2@010014554/ 
:61:1608010801C308000,00NMSC20160645303-IBT 
:86:20160645303-IBT@029-SDC90122/2@2016GPLL029PWR0006/ 
:61:1608010801C24000,00NMSC20160645304-IBT 
:86:20160645304-IBT@003-SDC90984/2@010170674/ 
:61:1608010801C3000,00NMSC20160645305-IBT 
:86:20160645305-IBT@047-SDC91046/2@030261355/ 
:61:1608010801C3300,00NMSC20160645306-IBT 
:86:20160645306-IBT@112-SDC91124/2@010192674/ 
:61:1608010801C58916,00NMSC20160645307-IBT 
:86:20160645307-IBT@119-DC51363/2@2016/BAC/036/L119/ 
:61:1608010801C1500,00NMSC20160645308-IBT 
:86:20160645308-IBT@128-SDC92035/2@010136332/ 
:61:1608010801C2462,00NMSC20160645309-IBT 
:86:20160645309-IBT@086-SDC92066/2@010054732/ 
:61:1608010801C1156,00NMSC20160645310-IBT 
:86:20160645310-IBT@027-SDC92161/2@010146999/ 
:61:1608010801C8860,00NMSC20160645311-IBT 
:86:20160645311-IBT@025-SDC92791/2@030153828/ 
:61:1608010801C3658,00NMSC20160645312-IBT 
:86:20160645312-IBT@028-SDC847471/1@P/N 030180172 DINESH A/ 
:61:1608010801C2530,00NMSC20160645313-IBT 
:86:20160645313-IBT@178-SDC93019/2@010057239/ 
:61:1608010801C3000,00NMSC20160645314-IBT 
:86:20160645314-IBT@123-SDC93374/2@10232459/ 
:61:1608010801C3200,00NMSC20160645315-IBT 
:86:20160645315-IBT@137-SDC93372/2@010273166 B.INDUSASY/ 
:61:1608010801C1500,00NMSC20160645316-IBT 
:86:20160645316-IBT@089-SDC93684/2@010100113/ 
:61:1608010801C2800,00NMSC20160645317-IBT 
:86:20160645317-IBT@119-SDC93715/2@010185332/ 
:61:1608010801C1060,00NMSC20160645318-IBT 
:86:20160645318-IBT@099-SDC93799/2@030119437/ 
:61:1608010801C2606,00NMSC20160645319-IBT 
:86:20160645319-IBT@094-SDC94123/2@010102851/ 
:61:1608010801C5597,00NMSC20160645320-IBT 
:86:20160645320-IBT@014-SDC94158/2@2016GPL00468/ 
:61:1608010801C8000,00NMSC20160645321-IBT 
:86:20160645321-IBT@018-SDC94190/2@010081002/ 
:61:1608010801C3560,00NMSC20160645322-IBT 
:86:20160645322-IBT@187-SDC94977/2@010278526/ 
:61:1608010801C25523,00NMSC20160645323-IBT 
:86:20160645323-IBT@032-DC61625/2@2016VNY00556/ 
:61:1608010801C2050,00NMSC20160645324-IBT 
:86:20160645324-IBT@133-SDC96784/2@010170533/ 
:61:1608010801C1700,00NMSC20160645325-IBT 
:86:20160645325-IBT@082-SDC97117/2@010164851/ 
:61:1608010801C11624,00NMSC20160645326-IBT 
:86:20160645326-IBT@024-DC57775/2@2016/2367/HNB/ 
:61:1608010801C2000,00NMSC20160645327-IBT 
:86:20160645327-IBT@018-SDC98316/2@010170725/ 
:61:1608010801C1910,00NMSC20160645328-IBT 
:86:20160645328-IBT@077-SDC98483/2@10007896/ 
:61:1608010801C203,00NMSC20160645329-IBT 
:86:20160645329-IBT@077-SDC98565/2@10007896/ 
:61:1608010801C2400,00NMSC20160645330-IBT 
:86:20160645330-IBT@075-SDC98570/2@010107065/ 
:61:1608010801C2100,00NMSC20160645331-IBT 
:86:20160645331-IBT@153-SDC98749/2@010197828/ 
:61:1608010801C1520,00NMSC20160645332-IBT 
:86:20160645332-IBT@168-SDC99059/2@010106225/ 
:61:1608010801C6199,00NMSC20160645333-IBT 
:86:20160645333-IBT@018-SDC99514/2@2016KDY00537 PROPOSAL NO/ 
:61:1608010801C201400,00NMSC20160645334-IBT 
:86:20160645334-IBT@219-SDC99540/2@2016/BAC/0014/L219/RF/ 
:61:1608010801C329,00NMSC20160645335-IBT 
:86:20160645335-IBT@018-SDC99604/2@2016KDY00461 PROPOSAL NO/ 
:61:1608010801C10,00NMSC20160645336-IBT 
:86:20160645336-IBT@013-SDC99761/2@030269538/ 
:61:1608010801C3300,00NMSC20160645337-IBT 
:86:20160645337-IBT@082-SDC99805/2@010244618/ 
:61:1608010801C202903,00NMSC20160645338-IBT 
:86:20160645338-IBT@027-DC68290/2@720221683V/L 027M R JARO/ 
:61:1608010801C66180,00NMSC20160645339-IBT 
:86:20160645339-IBT@177-DC67967/2@2016/BAC/007/L177/IS/ 
:61:1608010801C10094,00NMSC20160645340-IBT 
:86:20160645340-IBT@082-SDC100732/2@010211090/ 
:61:1608010801C71025,00NMSC20160645341-IBT 
:86:20160645341-IBT@177-DC68350/2@2016/BAC/006/L177/IS/ 
:61:1608010801C810,00NMSC20160645342-IBT 
:86:20160645342-IBT@239-SDC100999/2@010157579/ 
:61:1608010801C6237,00NMSC20160645343-IBT 
:86:20160645343-IBT@148-SDC101260/2@030228680/ 
:61:1608010801C1612,00NMSC20160645344-IBT 
:86:20160645344-IBT@033-SDC101346/2@010002500/ 
:61:1608010801C3500,00NMSC20160645345-IBT 
:86:20160645345-IBT@209-SDC102131/2@010227433/ 
:61:1608010801C6564,00NMSC20160645346-IBT 
:86:20160645346-IBT@074-DC60752/2@030165685-D PRASANDINI/ 
:61:1608010801C3277,00NMSC20160645347-IBT 
:86:20160645347-IBT@107-SDC103234/2@010204724/ 
:61:1608010801C1057,00NMSC20160645348-IBT 
:86:20160645348-IBT@018-SDC103277/2@010009123/ 
:61:1608010801C921,00NMSC20160645349-IBT 
:86:20160645349-IBT@018-SDC103389/2@010008677/ 
:61:1608010801C1403,00NMSC20160645350-IBT 
:86:20160645350-IBT@018-SDC103464/2@010009675/ 
:61:1608010801C3000,00NMSC20160645351-IBT 
:86:20160645351-IBT@038-DC53844/2@660590692V/ 748090045V/ 
:61:1608010801C2700,00NMSC20160645352-IBT 
:86:20160645352-IBT@220-SDC103699/2@010200901 R M I KUMARA/ 
:61:1608010801C1380,00NMSC20160645353-IBT 
:86:20160645353-IBT@106-SDC104223/2@010202467/ 
:61:1608010801C3200,00NMSC20160645354-IBT 
:86:20160645354-IBT@035-SDC104632/2@010266956/ 
:61:1608010801C2000,00NMSC20160645355-IBT 
:86:20160645355-IBT@073-SDC104647/2@010188181/ 
:61:1608010801C6320,00NMSC20160645356-IBT 
:86:20160645356-IBT@227-SDC105174/2@0100750151/ 
:61:1608010801C50200,00NMSC20160645357-IBT 
:86:20160645357-IBT@038-DC77964/2@678381330V/ 
:61:1608010801C5736,00NMSC20160645358-IBT 
:86:20160645358-IBT@068-SDC105655/2@030265963/ 
:61:1608010801C2712,00NMSC20160645359-IBT 
:86:20160645359-IBT@180-SDC105817/2@37061/ 
:61:1608010801C2330,00NMSC20160645360-IBT 
:86:20160645360-IBT@075-SDC106594/2@010063920/ 
:61:1608010801D2712,00NMSD20160645361-IBT 
:86:20160645361-IBT@180-DC82621/1@ERROR REV ENTRY ON 01-08-2016 (SDC105817)/ 
:61:1608010801C3000,00NMSC20160645362-IBT 
:86:20160645362-IBT@164-SDC107831/2@2016BTC00259/ 
:61:1608010801C6680,00NMSC20160645363-IBT 
:86:20160645363-IBT@236-SDC107886/2@010112405/ 
:61:1608010801C2540,00NMSC20160645364-IBT 
:86:20160645364-IBT@170-SDC107926/2@010192948/ 
:61:1608010801C21179,00NMSC20160645365-IBT 
:86:20160645365-IBT@081-DC36607/2@030274870/ 
:61:1608010801C304129,00NMSC20160645366-IBT 
:86:20160645366-IBT@007-SDC108160/2@2016CLN00426/ 
:61:1608010801C5029,00NMSC20160645367-IBT 
:86:20160645367-IBT@176-SDC108189/2@010263099/ 
:61:1608010801C5027,00NMSC20160645368-IBT 
:86:20160645368-IBT@176-SDC108312/2@010263094/ 
:61:1608010801C1410,00NMSC20160645369-IBT 
:86:20160645369-IBT@084-SDC110110/2@030161291/ 
:61:1608010801C4000,00NMSC20160645370-IBT 
:86:20160645370-IBT@086-SDC110386/2@010217923/ 
:61:1608010801C1222,00NMSC20160645371-IBT 
:86:20160645371-IBT@025-SDC110536/2@010053536/ 
:61:1608010801C8510,00NMSC20160645372-IBT 
:86:20160645372-IBT@209-SDC110581/2@010269360/ 
:61:1608010801C1224,00NMSC20160645373-IBT 
:86:20160645373-IBT@025-SDC110610/2@010187900/ 
:61:1608010801C1500,00NMSC20160645374-IBT 
:86:20160645374-IBT@110-SDC110945/2@010182331/ 
:61:1608010801C1500,00NMSC20160645375-IBT 
:86:20160645375-IBT@051-SDC111184/2@010155805/ 
:61:1608010801C3151,00NMSC20160645376-IBT 
:86:20160645376-IBT@126-SDC111479/2@010211646/ 
:61:1608010801C3000,00NMSC20160645377-IBT 
:86:20160645377-IBT@036-SDC111484/2@010275747/ 
:61:1608010801C2500,00NMSC20160645378-IBT 
:86:20160645378-IBT@631-SDC111580/2@2016CLS00229/IV/ 
:61:1608010801C2000,00NMSC20160645379-IBT 
:86:20160645379-IBT@025-SDC113043/2@010253048/ 
:61:1608010801C1500,00NMSC20160645380-IBT 
:86:20160645380-IBT@203-SDC113101/2@010227833/ 
:61:1608010801C1000,00NMSC20160645381-IBT 
:86:20160645381-IBT@100-SDC113339/2@7199063504/ 
:61:1608010801C6400,00NMSC20160645382-IBT 
:86:20160645382-IBT@183-SDC113388/2@010031798/ 
:61:1608010801C6720,00NMSC20160645383-IBT 
:86:20160645383-IBT@024-DC93286/2@2016/BAC/0024/L024/RF P A P U JAYAWARDENA/ 
:61:1608010801C27223,00NMSC20160645384-IBT 
:86:20160645384-IBT@009-SDC114176/2@030253310/ 
:61:1608010801C10000,00NMSC20160645385-IBT 
:86:20160645385-IBT@030-SDC114196/2@030257913/ 
:61:1608010801C3000,00NMSC20160645386-IBT 
:86:20160645386-IBT@004-SDC115326/1@IW SLIPS/-010229784 WWCW-NSB/ 
:61:1608010801C2500,00NMSC20160645387-IBT 
:86:20160645387-IBT@081-SDC116196/2@2016/BAC/AGD/L081/00029/ 
:61:1608010801C24000,00NMSC20160645388-IBT 
:86:20160645388-IBT@220-SDC118470/2@030208537 B PRADEEP/ 
:61:1608010801C5513,00NMSC20160645389-IBT 
:86:20160645389-IBT@162-SDC852039/1@P/N HN-BAC-2092-L162/ 
:61:1608010801C23171,00NMSC20160645390-IBT 
:86:20160645390-IBT@041-DC98652/2@2016KGL00237/ 
:61:1608010801C36185,00NMSC20160645391-IBT 
:86:20160645391-IBT@007-DC62878/2@720840383V- M S P SAMARAWICKRAMA/ 
:61:1608010801C10946,00NMSC20160645392-IBT 
:86:20160645392-IBT@138-SDC848193/1@P/N. 030190759 - PERERA M B I S/ 
:61:1608010801C8227,00NMSC20160645393-IBT 
:86:20160645393-IBT@151-SDC854059/1@P/N.030213535/ 
:61:1608010801C1522,00NMSC20160645394-IBT 
:86:20160645394-IBT@056-SDC122359/2@010143904/ 
:61:1608010801C15702,00NMSC20160645395-IBT 
:86:20160645395-IBT@005-DC85040/2@69606314/ 
:61:1608010801C9915,00NMSC20160645396-IBT 
:86:20160645396-IBT@007-DC60477/2@741302241V- R M H C RATHNAYAKE/ 
:61:1608010801C4678,00NMSC20160645397-IBT 
:86:20160645397-IBT@109-DC100429/2@2016/2178/MCR/ 
:61:1608010801C1451,00NMSC20160645398-IBT 
:86:20160645398-IBT@072-SDC123799/2@010201136/ 
:61:1608010801C28579,00NMSC20160645399-IBT 
:86:20160645399-IBT@018-DC101431/2@2016/2344/HNB/ 
:61:1608010801C67383,00NMSC20160645400-IBT 
:86:20160645400-IBT@119-DC99709/2@2016/BAC/037/L119/ 
:61:1608010801C24039,00NMSC20160645401-IBT 
:86:20160645401-IBT@077-DC102139/2@2016PLN00269/ 
:61:1608010801D8700000,00NMSD20160645402-IBT 
:86:20160645402-IBT@005-DC93254/2@ACUITY SECURITIES/ 
:61:1608010801C2715,00NMSC20160645403-IBT 
:86:20160645403-IBT@068-DC102499/2@2016/2210/MCR/ 
:61:1608010801C2257,00NMSC20160645404-IBT 
:86:20160645404-IBT@068-DC102456/2@2016/2211/MCR/ 
:61:1608010801C10429,00NMSC20160645405-IBT 
:86:20160645405-IBT@152-DC102633/2@2016/BAC/011/152/RF/ 
:61:1608010801C11500,00NMSC20160645406-IBT 
:86:20160645406-IBT@152-DC102697/2@2016/BAC/01/152/RF/ 
:61:1608010801C747,00NMSC20160645407-IBT 
:86:20160645407-IBT@198-DC103412/2@2016/2230/MCR/ 
:61:1608010801C10640,00NMSC20160645408-IBT 
:86:20160645408-IBT@099-DC103870/2@2016/BAC/NIT/LOOO/36/ 
:61:1608010801C2000,00NMSC20160645409-IBT 
:86:20160645409-IBT@035-SDC131522/2@2016JLA00443/ 
:61:1608010801C5045,00NMSC20160645410-IBT 
:86:20160645410-IBT@104-DC103959/2@2016/1965/HNB K A D M S PUSHPAKUMARA/ 
:61:1608010801C3669,00NMSC20160645411-IBT 
:86:20160645411-IBT@142-DC102829/2@2016/BAC/017/L142/RF/ 
:61:1608010801C1500,00NMSC20160645412-IBT 
:86:20160645412-IBT@023-SDC832833/1@P/N. 030146179/ 
:61:1608010801C21067,00NMSC20160645413-IBT 
:86:20160645413-IBT@006-DC89914/2@2016/2250/HNB/ 
:61:1608010801C63577,00NMSC20160645414-IBT 
:86:20160645414-IBT@092-DC106082/2@2016CLS00364/ 
:61:1608020802C1018,00NMSC20160645415-IBT 
:86:20160645415-IBT@128-SDC214947/1@P/N 030223555/ 
:61:1608020802C1540,00NMSC20160645416-IBT 
:86:20160645416-IBT@119-SDC214992/1@DC138222/ 
:61:1608020802C1576,00NMSC20160645417-IBT 
:86:20160645417-IBT@041-SDC215364/1@030136778 L S A V LIYANAARACHCHI/ 
:61:1608020802C1576,00NMSC20160645418-IBT 
:86:20160645418-IBT@041-SDC215409/1@030136778 L S A V LIYANAARACHCHI/ 
:61:1608020802C1362,00NMSC20160645419-IBT 
:86:20160645419-IBT@065-SDC215745/1@P.NO 9B 030133825/ 
:61:1608020802C2025,00NMSC20160645420-IBT 
:86:20160645420-IBT@111-SDC215805/1@PN-010260660 JAYASOORIYA U G/ 
:61:1608020802C2268,00NMSC20160645421-IBT 
:86:20160645421-IBT@120-SDC215844/1@PN 010242732-KUMARA V J K/ 
:61:1608020802C2000,00NMSC20160645422-IBT 
:86:20160645422-IBT@125-SDC216020/1@P/N 030255434/ 
:61:1608020802C2014,00NMSC20160645423-IBT 
:86:20160645423-IBT@110-SDC216013/1@P/N. 940000500/ 
:61:1608020802C25075,00NMSC20160645424-IBT 
:86:20160645424-IBT@092-SDC216260/1@P/N 030224611/ 
:61:1608020802C1069,00NMSC20160645425-IBT 
:86:20160645425-IBT@130-SDC216279/1@PN 010117233-PERERA P A S/ 
:61:1608020802C2520,00NMSC20160645426-IBT 
:86:20160645426-IBT@121-SDC216446/1@P/N 010267464/ 
:61:1608020802C3030,00NMSC20160645427-IBT 
:86:20160645427-IBT@703-SDC216559/1@P/N 030272015-WICKRAMARATHNE S M/ 
:61:1608020802C1446,00NMSC20160645428-IBT 
:86:20160645428-IBT@104-SDC216731/1@P/N 030140687/ 
:61:1608020802C25000,00NMSC20160645429-IBT 
:86:20160645429-IBT@128-SDC216773/1@PN-030216830/ 
:61:1608020802C3298,00NMSC20160645430-IBT 
:86:20160645430-IBT@036-SDC216867/1@P/N 010214538/ 
:61:1608020802C3298,00NMSC20160645431-IBT 
:86:20160645431-IBT@036-SDC216971/1@P/N 010214538/ 
:61:1608020802C12794,00NMSC20160645432-IBT 
:86:20160645432-IBT@071-SDC217458/1@P/N 030151391 / SIWAPALAN M/ 
:61:1608020802C1011,00NMSC20160645433-IBT 
:86:20160645433-IBT@112-SDC217568/1@P/N. 030165648/ 
:61:1608020802C11460,00NMSC20160645434-IBT 
:86:20160645434-IBT@107-SDC217690/1@PN-010251636 WASANA H V T/ 
:61:1608020802C11460,00NMSC20160645435-IBT 
:86:20160645435-IBT@107-SDC217761/1@PN-010251632 AMARATUNGA D N/ 
:61:1608020802C1036,00NMSC20160645436-IBT 
:86:20160645436-IBT@069-SDC217904/1@010017740/ 
:61:1608020802C24000,00NMSC20160645437-IBT 
:86:20160645437-IBT@051-SDC217955/2@S/O PAY/ 
:61:1608020802C2750,00NMSC20160645438-IBT 
:86:20160645438-IBT@088-SDC218062/1@P/N HN-BAC-2196-L088 PATHINAYAKA D S P/ 
:61:1608020802C2919,00NMSC20160645439-IBT 
:86:20160645439-IBT@065-SDC218110/1@PN-030254256/ 
:61:1608020802C2231,00NMSC20160645440-IBT 
:86:20160645440-IBT@109-SDC218326/1@DC159198/ 
:61:1608020802C5196,00NMSC20160645441-IBT 
:86:20160645441-IBT@072-SDC218584/1@P/N 030180513/ 
:61:1608020802C5196,00NMSC20160645442-IBT 
:86:20160645442-IBT@072-SDC218650/1@P/N 030180513/ 
:61:1608020802C895,00NMSC20160645443-IBT 
:86:20160645443-IBT@041-SDC218831/1@030153171 R A A JAYASUNDARA/ 
:61:1608020802C2027,00NMSC20160645444-IBT 
:86:20160645444-IBT@089-SDC218908/1@P/N 030263800/ 
:61:1608020802C1107,00NMSC20160645445-IBT 
:86:20160645445-IBT@041-SDC218909/1@P/N 030226898/ 
:61:1608020802C5400,00NMSC20160645446-IBT 
:86:20160645446-IBT@081-SDC218976/1@PN 030239140/ 
:61:1608020802C2174,00NMSC20160645447-IBT 
:86:20160645447-IBT@019-SDC219047/1@P/N.030209350/ 
:61:1608020802C2096,00NMSC20160645448-IBT 
:86:20160645448-IBT@122-SDC219328/1@P/N 030037802/ 
:61:1608020802C1145,00NMSC20160645449-IBT 
:86:20160645449-IBT@122-SDC219463/2@S/O PAY/ 
:61:1608020802C7222,00NMSC20160645450-IBT 
:86:20160645450-IBT@073-SDC216608/1@030164713/ 
:61:1608020802C6000,00NMSC20160645451-IBT 
:86:20160645451-IBT@088-SDC219638/1@P/N 030226421/ 
:61:1608020802C1315,00NMSC20160645452-IBT 
:86:20160645452-IBT@026-SDC219943/1@9B030131822/G K C GUNASENA/ 
:61:1608020802C5591,00NMSC20160645453-IBT 
:86:20160645453-IBT@022-SDC220033/1@010143856 MISS W W R A FERNANDO/ 
:61:1608020802C3738,00NMSC20160645454-IBT 
:86:20160645454-IBT@102-SDC220069/1@P/N 010255700/ 
:61:1608020802C2651,00NMSC20160645455-IBT 
:86:20160645455-IBT@032-SDC220119/1@P/N. 030191537 - ELANGOVAN V/ 
:61:1608020802C2531,00NMSC20160645456-IBT 
:86:20160645456-IBT@098-SDC220273/1@PN-030264204 WANIGATHUNGA M M/ 
:61:1608020802C1159,00NMSC20160645457-IBT 
:86:20160645457-IBT@007-SDC220396/1@P/N 030182548-NUZLY  A N M/ 
:61:1608020802C5472,00NMSC20160645458-IBT 
:86:20160645458-IBT@064-SDC220402/1@P/N 030231832-PERERA J A S/ 
:61:1608020802C6039,00NMSC20160645459-IBT 
:86:20160645459-IBT@052-SDC220587/1@PN-010250123/ 
:61:1608020802C1535,00NMSC20160645460-IBT 
:86:20160645460-IBT@039-SDC220612/1@P/N 010122316/ 
:61:1608020802C1155,00NMSC20160645461-IBT 
:86:20160645461-IBT@014-SDC220722/2@030142557/ 
:61:1608020802C1563,00NMSC20160645462-IBT 
:86:20160645462-IBT@046-SDC220313/1@P/N. 010245085/ 
:61:1608020802C2060,00NMSC20160645463-IBT 
:86:20160645463-IBT@051-SDC220928/1@PN 010241305/ 
:61:1608020802C7372,00NMSC20160645464-IBT 
:86:20160645464-IBT@070-SDC221162/1@PN-030038991/ 
:61:1608020802C2000,00NMSC20160645465-IBT 
:86:20160645465-IBT@070-SDC221219/1@PN-030211510/ 
:61:1608020802C1095,00NMSC20160645466-IBT 
:86:20160645466-IBT@069-2007/ILP-SDC221381/2@2007/ILP-P2/PND/12701 P.ARIYAS/ 
:61:1608020802C15640,00NMSC20160645467-IBT 
:86:20160645467-IBT@017-SDC221377/1@P/N 030269631/ 
:61:1608020802C5100,00NMSC20160645468-IBT 
:86:20160645468-IBT@102-SDC221548/1@P/N 030224768/ 
:61:1608020802C3000,00NMSC20160645469-IBT 
:86:20160645469-IBT@017-SDC221588/1@P/N 010207121/ 
:61:1608020802C1078,00NMSC20160645470-IBT 
:86:20160645470-IBT@025-SDC221737/1@PN-010175571/ 
:61:1608020802C1078,00NMSC20160645471-IBT 
:86:20160645471-IBT@025-SDC221776/1@PN-010175636/ 
:61:1608020802C3290,00NMSC20160645472-IBT 
:86:20160645472-IBT@025-SDC221813/1@PN-010187970/ 
:61:1608020802C5000,00NMSC20160645473-IBT 
:86:20160645473-IBT@007-SDC221905/1@PN 010233885/ 
:61:1608020802C2195,00NMSC20160645474-IBT 
:86:20160645474-IBT@038-SDC221998/1@PN 030231966-EDWAD M N C/ 
:61:1608020802C5221,00NMSC20160645475-IBT 
:86:20160645475-IBT@024-SDC222119/2@2006/BAC-R/H024/336/ 
:61:1608020802C5448,00NMSC20160645476-IBT 
:86:20160645476-IBT@100-SDC222125/1@P/N 010262470/ 
:61:1608020802C7618,00NMSC20160645477-IBT 
:86:20160645477-IBT@036-SDC222154/1@P/N. 030202873/ 
:61:1608020802C5161,00NMSC20160645478-IBT 
:86:20160645478-IBT@024-SDC222162/2@2006/BAC-R/H024/337/ 
:61:1608020802C3545,00NMSC20160645479-IBT 
:86:20160645479-IBT@024-SDC222203/2@2006/ILPP2NGB13905/ 
:61:1608020802C6505,00NMSC20160645480-IBT 
:86:20160645480-IBT@024-SDC222249/2@,2006/ILPP2NGB12487/ 
:61:1608020802C3285,00NMSC20160645481-IBT 
:86:20160645481-IBT@038-SDC222297/1@P/N 030253481 CHANDANI ATHAPATHTHU/ 
:61:1608020802C1011,00NMSC20160645482-IBT 
:86:20160645482-IBT@100-SDC222392/1@PN 010079569/ 
:61:1608020802C1591,00NMSC20160645483-IBT 
:86:20160645483-IBT@094-SDC222052/1@9B030129247 FERNANDO K D N/ 
:61:1608020802C609,00NMSC20160645484-IBT 
:86:20160645484-IBT@065-SDC222522/1@9B030129192/ 
:61:1608020802C2195,00NMSC20160645485-IBT 
:86:20160645485-IBT@035-SDC222514/1@P/N 010230439-SHOBA C/ 
:61:1608020802C1947,00NMSC20160645486-IBT 
:86:20160645486-IBT@087-SDC222134/1@9B030126330 M N H D SILVA/ 
:61:1608020802C1499,00NMSC20160645487-IBT 
:86:20160645487-IBT@087-SDC222133/1@9B030126329 W A D PAVITHRASANKA/ 
:61:1608020802C1389,00NMSC20160645488-IBT 
:86:20160645488-IBT@050-SDC223016/1@PO:030147814/ 
:61:1608020802C6374,00NMSC20160645489-IBT 
:86:20160645489-IBT@056-SDC223273/1@P/N 030213232-GUNAWARDANE S S/ 
:61:1608020802C54458,00NMSC20160645490-IBT 
:86:20160645490-IBT@042-SDC223340/1@P/N.030196214/ 
:61:1608020802C1053,00NMSC20160645491-IBT 
:86:20160645491-IBT@056-SDC223422/2@POLICY NO.6B-517/ 
:61:1608020802C8000,00NMSC20160645492-IBT 
:86:20160645492-IBT@131-SDC224530/1@PN 030217130/ 
:61:1608020802C5763,00NMSC20160645493-IBT 
:86:20160645493-IBT@021-SDC224570/1@PN 010200064-ANNOJ KANNA P/ 
:61:1608020802C1010,00NMSC20160645494-IBT 
:86:20160645494-IBT@029-SDC225081/1@PN 010139340-K.M. ABEYRATHNE/ 
:61:1608020802C11014,00NMSC20160645495-IBT 
:86:20160645495-IBT@051-SDC225134/1@PN-010259613/ 
:61:1608020802C1916,00NMSC20160645496-IBT 
:86:20160645496-IBT@051-SDC225164/1@PN-010259615/ 
:61:1608020802C1028,00NMSC20160645497-IBT 
:86:20160645497-IBT@016-SDC225166/1@S/O PAY 030140608/ 
:61:1608020802C2200,00NMSC20160645498-IBT 
:86:20160645498-IBT@086-SDC225344/1@P/N 030229087/ 
:61:1608020802C1002,00NMSC20160645499-IBT 
:86:20160645499-IBT@086-SDC225385/1@P/N 030112277/ 
:61:1608020802C2000,00NMSC20160645500-IBT 
:86:20160645500-IBT@138-HN-BAC-1193-SDC225957/2@HN-BAC-1193-L138 J A RENUKA/ 
:61:1608020802C1713,00NMSC20160645501-IBT 
:86:20160645501-IBT@106-SDC226047/1@P/N. 010026221/ 
:61:1608020802C9000,00NMSC20160645502-IBT 
:86:20160645502-IBT@135-SDC226074/1@P/N -HN-BAC-2012-L135 / JEYARAJAH V/ 
:61:1608020802C6000,00NMSC20160645503-IBT 
:86:20160645503-IBT@078-SDC226094/1@PN-030259440/ 
:61:1608020802C3990,00NMSC20160645504-IBT 
:86:20160645504-IBT@138-SDC226231/1@P/N. 030186789 - RANJANI M/ 
:61:1608020802C2239,00NMSC20160645505-IBT 
:86:20160645505-IBT@013-SDC226324/1@P/N. 030208506 - KUMARA L N L/ 
:61:1608020802C6596,00NMSC20160645506-IBT 
:86:20160645506-IBT@013-SDC226367/1@P/N.030209748-VITHANAGE M D/ 
:61:1608020802C4046,00NMSC20160645507-IBT 
:86:20160645507-IBT@147-SDC226504/1@PN-030242469/ 
:61:1608020802C4046,00NMSC20160645508-IBT 
:86:20160645508-IBT@147-SDC226545/1@PN-030242469/ 
:61:1608020802C4024,00NMSC20160645509-IBT 
:86:20160645509-IBT@147-SDC226585/1@P/N 030242627/ 
:61:1608020802C4024,00NMSC20160645510-IBT 
:86:20160645510-IBT@147-SDC226627/1@P/N 030242627/ 
:61:1608020802C2186,00NMSC20160645511-IBT 
:86:20160645511-IBT@136-SDC226666/1@PN 030249992-DEWAPURA K D L/ 
:61:1608020802C6000,00NMSC20160645512-IBT 
:86:20160645512-IBT@143-SDC226873/1@LIFE P/N 030212098/ 
:61:1608020802C1934,00NMSC20160645513-IBT 
:86:20160645513-IBT@007-SDC227032/1@P/N. 030140692/ 
:61:1608020802C2749,00NMSC20160645514-IBT 
:86:20160645514-IBT@153-SDC227205/1@P/N 030183531 / KARUNARATHNA M P P D/ 
:61:1608020802C2721,00NMSC20160645515-IBT 
:86:20160645515-IBT@153-SDC227564/1@PN-030235278/ 
:61:1608020802C2586,00NMSC20160645516-IBT 
:86:20160645516-IBT@077-SDC227844/1@P/N 010267514/ 
:61:1608020802C1195,00NMSC20160645517-IBT 
:86:20160645517-IBT@150-SDC227900/1@P/N. 950001667 -SITHRA B/ 
:61:1608020802C992,00NMSC20160645518-IBT 
:86:20160645518-IBT@157-SDC228157/1@S/0 030140591/ 
:61:1608020802C728,00NMSC20160645519-IBT 
:86:20160645519-IBT@031-SDC228166/1@P/N 030179040 ANUKSHAN P J/ 
:61:1608020802C308,00NMSC20160645520-IBT 
:86:20160645520-IBT@141-SDC228190/1@P/N 010001042-D D P DAVID/ 
:61:1608020802C3137,00NMSC20160645521-IBT 
:86:20160645521-IBT@124-SDC228250/2@S/O PL 9B030129249/ 
:61:1608020802C2182,00NMSC20160645522-IBT 
:86:20160645522-IBT@151-SDC228541/1@P/N 030246611 - M W C PRIYADARSHANI/ 
:61:1608020802C4940,00NMSC20160645523-IBT 
:86:20160645523-IBT@140-SDC228637/1@P/N. 030191321 - UPATHISSA K S/ 
:61:1608020802C2500,00NMSC20160645524-IBT 
:86:20160645524-IBT@031-SDC228663/1@P/N 030214545-K.MOHANARAM/ 
:61:1608020802C1050,00NMSC20160645525-IBT 
:86:20160645525-IBT@028-SDC228743/1@030137519/ 
:61:1608020802C2500,00NMSC20160645526-IBT 
:86:20160645526-IBT@031-SDC228802/1@PN 030228579-N C NIROJINI/ 
:61:1608020802C951,00NMSC20160645527-IBT 
:86:20160645527-IBT@132-SDC228826/1@PN-030140583 RAJENDRAM G/ 
:61:1608020802C3000,00NMSC20160645528-IBT 
:86:20160645528-IBT@140-SDC228856/1@P/N 010197618/ 
:61:1608020802C2000,00NMSC20160645529-IBT 
:86:20160645529-IBT@167-SDC229092/1@HN-BAC-1201-L167 P.JEGANRAJ/ 
:61:1608020802C150000,00NMSC20160645530-IBT 
:86:20160645530-IBT@132-SDC229089/1@PN 030233790-RASARATHINAM V/ 
:61:1608020802C2000,00NMSC20160645531-IBT 
:86:20160645531-IBT@156-SDC229107/1@PN 030231741-CHANDRASIRI J G A N/ 
:61:1608020802C3283,00NMSC20160645532-IBT 
:86:20160645532-IBT@168-SDC228735/1@P/N 030241209/ 
:61:1608020802C1501,00NMSC20160645533-IBT 
:86:20160645533-IBT@157-SDC229387/1@30168704/ 
:61:1608020802C1188,00NMSC20160645534-IBT 
:86:20160645534-IBT@115-SDC229459/1@P/N 030201734-KULASEKARA C J/ 
:61:1608020802C2199,00NMSC20160645535-IBT 
:86:20160645535-IBT@146-SDC229825/1@P/N 030216441-RAJESWARY V/ 
:61:1608020802C2417,00NMSC20160645536-IBT 
:86:20160645536-IBT@123-SDC229931/1@P/N 030230066/ 
:61:1608020802C3336,00NMSC20160645537-IBT 
:86:20160645537-IBT@106-SDC229886/1@P/N. 010049613/ 
:61:1608020802C10000,00NMSC20160645538-IBT 
:86:20160645538-IBT@010-SDC230124/1@P/N 030263955/ 
:61:1608020802C2780,00NMSC20160645539-IBT 
:86:20160645539-IBT@187-SDC230315/1@PN-010263875/ 
:61:1608020802C2500,00NMSC20160645540-IBT 
:86:20160645540-IBT@031-SDC230548/1@PN 010250860-YATHUKULAN S/ 
:61:1608020802C2744,00NMSC20160645541-IBT 
:86:20160645541-IBT@197-SDC230968/1@PN 010234666/ 
:61:1608020802C2100,00NMSC20160645542-IBT 
:86:20160645542-IBT@086-SDC231237/1@P/N 030214581/ 
:61:1608020802C11187,00NMSC20160645543-IBT 
:86:20160645543-IBT@003-SDC231248/1@P/N 030267263 MADAWA S T/ 
:61:1608020802C14108,00NMSC20160645544-IBT 
:86:20160645544-IBT@193-SDC231278/1@PN 030245238/ 
:61:1608020802C1203,00NMSC20160645545-IBT 
:86:20160645545-IBT@010-SDC231750/2@P/N 010156813/ 
:61:1608020802C5545,00NMSC20160645546-IBT 
:86:20160645546-IBT@155-SDC232098/1@PN-030256277  PERERA A A S T/ 
:61:1608020802C9779,00NMSC20160645547-IBT 
:86:20160645547-IBT@215-SDC232210/1@PN-030266356/ 
:61:1608020802C2191,00NMSC20160645548-IBT 
:86:20160645548-IBT@212-SDC232394/1@P/N 010237725-MARMITHA R/ 
:61:1608020802C1824,00NMSC20160645549-IBT 
:86:20160645549-IBT@208-SDC232661/1@P/N 030220275-PATHIRANA N N D/ 
:61:1608020802C7500,00NMSC20160645550-IBT 
:86:20160645550-IBT@229-SDC232834/2@P/N 030228111/ 
:61:1608020802C7625,00NMSC20160645551-IBT 
:86:20160645551-IBT@229-SDC232857/2@P/N 030228149/ 
:61:1608020802C5038,00NMSC20160645552-IBT 
:86:20160645552-IBT@225-SDC233729/1@P/N 030278652/ 
:61:1608020802C47141,00NMSC20160645553-IBT 
:86:20160645553-IBT@163-SDC227360/1@PN 030244595-WEERASEKARA K/ 
:61:1608020802C6002,00NMSC20160645554-IBT 
:86:20160645554-IBT@139-SDC233924/1@P/N 030229811/ 
:61:1608020802C2509,00NMSC20160645555-IBT 
:86:20160645555-IBT@139-SDC233939/1@PN 030209761/ 
:61:1608020802C16443,00NMSC20160645556-IBT 
:86:20160645556-IBT@139-SDC233951/1@PN-030246478/ 
:61:1608020802C10700,00NMSC20160645557-IBT 
:86:20160645557-IBT@004-SDC236785/1@IW SLIPS/PN 030266170-N09491608011340-FUNDS HELD O/ 
:61:1608020802C1100,00NMSC20160645558-IBT 
:86:20160645558-IBT@165-SDC228694/1@P/N 30253025/ 
:61:1608020802C1393,00NMSC20160645559-IBT 
:86:20160645559-IBT@087-SDC222137/1@9B030129305/ 
:61:1608020802C2200,00NMSC20160645560-IBT 
:86:20160645560-IBT@035-SDC247984/2@010230343/ 
:61:1608020802C1039,00NMSC20160645561-IBT 
:86:20160645561-IBT@217-SDC248250/2@010208620/ 
:61:1608020802C1209,00NMSC20160645562-IBT 
:86:20160645562-IBT@177-SDC248632/2@010136974/ 
:61:1608020802C3300,00NMSC20160645563-IBT 
:86:20160645563-IBT@018-SDC249606/2@010250383/ 
:61:1608020802C5560,00NMSC20160645564-IBT 
:86:20160645564-IBT@132-SDC249842/2@030159650/ 
:61:1608020802C3300,00NMSC20160645565-IBT 
:86:20160645565-IBT@136-SDC250331/2@010186717/ 
:61:1608020802C2368,00NMSC20160645566-IBT 
:86:20160645566-IBT@183-SDC251450/2@010159842/ 
:61:1608020802C1010,00NMSC20160645567-IBT 
:86:20160645567-IBT@102-SDC251890/2@010202672/ 
:61:1608020802C1912,00NMSC20160645568-IBT 
:86:20160645568-IBT@102-SDC251937/2@010200785/ 
:61:1608020802C2240,00NMSC20160645569-IBT 
:86:20160645569-IBT@056-SDC252014/2@010254218/ 
:61:1608020802C1552,00NMSC20160645570-IBT 
:86:20160645570-IBT@102-SDC252046/2@010176853/ 
:61:1608020802C4144,00NMSC20160645571-IBT 
:86:20160645571-IBT@149-SDC252407/2@030210091/ 
:61:1608020802C1502,00NMSC20160645572-IBT 
:86:20160645572-IBT@006-SDC219646/2@2006/BAC-R/H006/500/ 
:61:1608020802C4400,00NMSC20160645573-IBT 
:86:20160645573-IBT@187-SDC252538/2@010226966/ 
:61:1608020802C2200,00NMSC20160645574-IBT 
:86:20160645574-IBT@201-SDC252967/2@010184999/ 
:61:1608020802C3000,00NMSC20160645575-IBT 
:86:20160645575-IBT@160-SDC253409/2@030271318/ 
:61:1608020802C1560,00NMSC20160645576-IBT 
:86:20160645576-IBT@107-SDC253548/2@010131296/ 
:61:1608020802C1199,00NMSC20160645577-IBT 
:86:20160645577-IBT@040-SDC254358/2@010164822/ 
:61:1608020802C8200,00NMSC20160645578-IBT 
:86:20160645578-IBT@210-SDC254531/2@030230161/ 
:61:1608020802C4000,00NMSC20160645579-IBT 
:86:20160645579-IBT@039-SDC255025/2@030227451/ 
:61:1608020802C2100,00NMSC20160645580-IBT 
:86:20160645580-IBT@119-SDC255110/2@010275615/ 
:61:1608020802C4500,00NMSC20160645581-IBT 
:86:20160645581-IBT@187-SDC255207/2@010278428/ 
:61:1608020802C1800,00NMSC20160645582-IBT 
:86:20160645582-IBT@070-SDC255614/2@010154188/ 
:61:1608020802C2500,00NMSC20160645583-IBT 
:86:20160645583-IBT@137-SDC256835/2@010017178 S.SIVARANJAN/ 
:61:1608020802C2430,00NMSC20160645584-IBT 
:86:20160645584-IBT@036-SDC257008/2@010112070/ 
:61:1608020802C1459,00NMSC20160645585-IBT 
:86:20160645585-IBT@107-SDC257317/2@010064240ANDRU/ 
:61:1608020802C3100,00NMSC20160645586-IBT 
:86:20160645586-IBT@214-SDC257397/2@010258479/ 
:61:1608020802C14575,00NMSC20160645587-IBT 
:86:20160645587-IBT@107-SDC258632/2@010110619-O K D P P KARUNARATHNA/ 
:61:1608020802C24913,00NMSC20160645588-IBT 
:86:20160645588-IBT@142-SDC258828/2@010147886/ 
:61:1608020802C5250,00NMSC20160645589-IBT 
:86:20160645589-IBT@018-SDC259385/2@10257335/ 
:61:1608020802C6200,00NMSC20160645590-IBT 
:86:20160645590-IBT@018-SDC259460/2@010187081/ 
:61:1608020802C3100,00NMSC20160645591-IBT 
:86:20160645591-IBT@134-SDC259764/2@030278896/ 
:61:1608020802D1000,00NMSD20160645592-IBT 
:86:20160645592-IBT@100-DC16945/1@1/8/16 ELECTRICITY BILL  ERONIOUSLY CR 7199063504/ 
:61:1608020802C2000,00NMSC20160645593-IBT 
:86:20160645593-IBT@023-SDC262512/2@030226371/ 
:61:1608020802C5724,00NMSC20160645594-IBT 
:86:20160645594-IBT@069-DC26081/2@030278476/ 
:61:1608020802C1180,00NMSC20160645595-IBT 
:86:20160645595-IBT@162-SDC262997/2@010024257/ 
:61:1608020802C7224,00NMSC20160645596-IBT 
:86:20160645596-IBT@069-DC25921/2@030278477/ 
:61:1608020802C6000,00NMSC20160645597-IBT 
:86:20160645597-IBT@212-SDC263705/2@010222540/ 
:61:1608020802C6600,00NMSC20160645598-IBT 
:86:20160645598-IBT@168-SDC264255/2@010203222/ 
:61:1608020802C2550,00NMSC20160645599-IBT 
:86:20160645599-IBT@098-SDC264282/2@030153653/ 
:61:1608020802C1005,00NMSC20160645600-IBT 
:86:20160645600-IBT@023-SDC264632/2@010163453/ 
:61:1608020802C2100,00NMSC20160645601-IBT 
:86:20160645601-IBT@230-SDC264973/2@010140201/ 
:61:1608020802C1560,00NMSC20160645602-IBT 
:86:20160645602-IBT@233-SDC264978/2@010055810/ 
:61:1608020802C30000,00NMSC20160645603-IBT 
:86:20160645603-IBT@137-SDC265000/2@010255476 S.SURESH/ 
:61:1608020802C2500,00NMSC20160645604-IBT 
:86:20160645604-IBT@186-SDC265133/2@010227127/ 
:61:1608020802C7696,00NMSC20160645605-IBT 
:86:20160645605-IBT@012-DC22378/2@LBDW29072016/ 
:61:1608020802C2050,00NMSC20160645606-IBT 
:86:20160645606-IBT@167-SDC265468/2@010232694/ 
:61:1608020802C3256,00NMSC20160645607-IBT 
:86:20160645607-IBT@034-SDC265502/2@030237676/ 
:61:1608020802C3261,00NMSC20160645608-IBT 
:86:20160645608-IBT@034-SDC265578/2@030237524/ 
:61:1608020802C8250,00NMSC20160645609-IBT 
:86:20160645609-IBT@098-SDC265725/2@010225540/ 
:61:1608020802C1620,00NMSC20160645610-IBT 
:86:20160645610-IBT@176-SDC265754/2@010006719/ 
:61:1608020802C4000,00NMSC20160645611-IBT 
:86:20160645611-IBT@009-SDC265821/2@010211505 D N FONSEKA/ 
:61:1608020802C1545,00NMSC20160645612-IBT 
:86:20160645612-IBT@023-SDC266320/2@010104044 GUNARATNE/ 
:61:1608020802C1520,00NMSC20160645613-IBT 
:86:20160645613-IBT@023-SDC266452/2@010238972 H SENEVIRATNE/ 
:61:1608020802C21239,00NMSC20160645614-IBT 
:86:20160645614-IBT@178-DC24035/2@010032222/ 
:61:1608020802C6756,00NMSC20160645615-IBT 
:86:20160645615-IBT@018-DC22786/2@020177602/ 
:61:1608020802C655,00NMSC20160645616-IBT 
:86:20160645616-IBT@009-SDC267433/2@010172974/ 
:61:1608020802C1560,00NMSC20160645617-IBT 
:86:20160645617-IBT@153-SDC267512/2@010116814/ 
:61:1608020802C613,00NMSC20160645618-IBT 
:86:20160645618-IBT@009-SDC267516/2@010175364/ 
:61:1608020802C2022,00NMSC20160645619-IBT 
:86:20160645619-IBT@033-SDC267587/2@030241173/ 
:61:1608020802C10000,00NMSC20160645620-IBT 
:86:20160645620-IBT@081-SDC267595/2@010212801/ 
:61:1608020802C3300,00NMSC20160645621-IBT 
:86:20160645621-IBT@119-SDC267766/2@10214236/ 
:61:1608020802C1060,00NMSC20160645622-IBT 
:86:20160645622-IBT@151-SDC267870/2@010128575/ 
:61:1608020802C5400,00NMSC20160645623-IBT 
:86:20160645623-IBT@183-SDC268632/2@010247241/ 
:61:1608020802C3386,00NMSC20160645624-IBT 
:86:20160645624-IBT@018-SDC268708/2@010230265/ 
:61:1608020802C2040,00NMSC20160645625-IBT 
:86:20160645625-IBT@098-SDC269042/2@010136808/ 
:61:1608020802C3975,00NMSC20160645626-IBT 
:86:20160645626-IBT@103-SDC269106/2@010035491/ 
:61:1608020802C2000,00NMSC20160645627-IBT 
:86:20160645627-IBT@079-SDC269374/2@010248701/ 
:61:1608020802C2650,00NMSC20160645628-IBT 
:86:20160645628-IBT@068-SDC269487/2@030260459/ 
:61:1608020802C2000,00NMSC20160645629-IBT 
:86:20160645629-IBT@235-SDC269505/2@010253201/ 
:61:1608020802C2005,00NMSC20160645630-IBT 
:86:20160645630-IBT@023-SDC269975/2@010243766/ 
:61:1608020802C1210,00NMSC20160645631-IBT 
:86:20160645631-IBT@104-SDC257693/2@010069382/ 
:61:1608020802C2000,00NMSC20160645632-IBT 
:86:20160645632-IBT@131-SDC270636/2@030245416/ 
:61:1608020802C1500,00NMSC20160645633-IBT 
:86:20160645633-IBT@106-SDC270646/2@010057085/ 
:61:1608020802C2000,00NMSC20160645634-IBT 
:86:20160645634-IBT@131-SDC270759/2@030227724/ 
:61:1608020802C3623,00NMSC20160645635-IBT 
:86:20160645635-IBT@056-SDC270990/2@010148125/ 
:61:1608020802C2082,00NMSC20160645636-IBT 
:86:20160645636-IBT@014-SDC271953/2@030243739/ 
:61:1608020802C6200,00NMSC20160645637-IBT 
:86:20160645637-IBT@087-SDC272425/2@010223219/ 
:61:1608020802C4100,00NMSC20160645638-IBT 
:86:20160645638-IBT@112-SDC272801/2@010182114/ 
:61:1608020802C2160,00NMSC20160645639-IBT 
:86:20160645639-IBT@075-SDC272933/2@010232729/ 
:61:1608020802C2450,00NMSC20160645640-IBT 
:86:20160645640-IBT@025-SDC273176/2@010102518/ 
:61:1608020802C4200,00NMSC20160645641-IBT 
:86:20160645641-IBT@082-SDC273419/2@010280040/ 
:61:1608020802C1665,00NMSC20160645642-IBT 
:86:20160645642-IBT@075-SDC273853/2@010126109/ 
:61:1608020802C24000,00NMSC20160645643-IBT 
:86:20160645643-IBT@131-SDC274004/2@030209880/ 
:61:1608020802C505500,00NMSC20160645644-IBT 
:86:20160645644-IBT@219-DC40376/2@2016/BAC/0015/L219/RF/ 
:61:1608020802C2750,00NMSC20160645645-IBT 
:86:20160645645-IBT@142-SDC274688/2@030195932/ 
:61:1608020802C3820,00NMSC20160645646-IBT 
:86:20160645646-IBT@092-SDC274959/2@010147884/ 
:61:1608020802C6165,00NMSC20160645647-IBT 
:86:20160645647-IBT@194-SDC275009/2@030279834/ 
:61:1608020802C6699,00NMSC20160645648-IBT 
:86:20160645648-IBT@099-DC41628/2@2016/BAC/NIT/L000/37/ 
:61:1608020802C5100,00NMSC20160645649-IBT 
:86:20160645649-IBT@035-SDC277395/2@010255871/ 
:61:1608020802C3160,00NMSC20160645650-IBT 
:86:20160645650-IBT@079-SDC277670/2@010150827/ 
:61:1608020802C2300,00NMSC20160645651-IBT 
:86:20160645651-IBT@233-SDC277834/2@010076599/ 
:61:1608020802C3000,00NMSC20160645652-IBT 
:86:20160645652-IBT@100-SDC278109/2@010027397/ 
:61:1608020802C6000,00NMSC20160645653-IBT 
:86:20160645653-IBT@156-SDC278619/2@010241906/ 
:61:1608020802C3500,00NMSC20160645654-IBT 
:86:20160645654-IBT@165-SDC279166/2@010174948/ 
:61:1608020802C5286,00NMSC20160645655-IBT 
:86:20160645655-IBT@173-SDC279685/2@010162715/ 
:61:1608020802C1500,00NMSC20160645656-IBT 
:86:20160645656-IBT@157-SDC279692/2@010101632/ 
:61:1608020802C2643,00NMSC20160645657-IBT 
:86:20160645657-IBT@056-SDC280096/2@030279576/ 
:61:1608020802C5550,00NMSC20160645658-IBT 
:86:20160645658-IBT@121-SDC280192/2@030145574/ 
:61:1608020802C26742,00NMSC20160645659-IBT 
:86:20160645659-IBT@006-DC30113/2@2016/2010/HNB/ 
:61:1608020802C750,00NMSC20160645660-IBT 
:86:20160645660-IBT@703-SDC280788/2@010037678/ 
:61:1608020802C3578,00NMSC20160645661-IBT 
:86:20160645661-IBT@176-SDC281038/2@010178000/ 
:61:1608020802C1230,00NMSC20160645662-IBT 
:86:20160645662-IBT@111-SDC281203/2@010253496/ 
:61:1608020802C4400,00NMSC20160645663-IBT 
:86:20160645663-IBT@018-SDC281381/2@10241733/ 
:61:1608020802C4400,00NMSC20160645664-IBT 
:86:20160645664-IBT@018-SDC281465/2@10241696/ 
:61:1608020802C780,00NMSC20160645665-IBT 
:86:20160645665-IBT@025-SDC281767/2@010043383/ 
:61:1608020802C18691,00NMSC20160645666-IBT 
:86:20160645666-IBT@108-DC50372/2@2016/2385/HNB S R H MAWLANA/ 
:61:1608020802C33317,00NMSC20160645667-IBT 
:86:20160645667-IBT@006-DC48430/2@2016/2140/HNB/ 
:61:1608020802C10989,00NMSC20160645668-IBT 
:86:20160645668-IBT@126-DC44424/2@2016/BAC/00011/L126/F/ 
:61:1608020802C2200,00NMSC20160645669-IBT 
:86:20160645669-IBT@019-SDC282612/2@010251662/ 
:61:1608020802C5000,00NMSC20160645670-IBT 
:86:20160645670-IBT@084-SDC283533/2@030237515/ 
:61:1608020802C27289,00NMSC20160645671-IBT 
:86:20160645671-IBT@006-DC52900/2@2016/2238/HNB/ 
:61:1608020802C4362,00NMSC20160645672-IBT 
:86:20160645672-IBT@018-SDC283858/2@010262724 E G D S SILVA/ 
:61:1608020802C1102,00NMSC20160645673-IBT 
:86:20160645673-IBT@079-SDC284060/2@010225553/ 
:61:1608020802C1062,00NMSC20160645674-IBT 
:86:20160645674-IBT@094-SDC284064/2@010142267/ 
:61:1608020802C3430,00NMSC20160645675-IBT 
:86:20160645675-IBT@004-SDC284307/343@53618607/7135/302/OCLG1/29-07-2016/ 
:61:1608020802C2070,00NMSC20160645676-IBT 
:86:20160645676-IBT@180-SDC284463/2@2010GMP00482/ 
:61:1608020802C5200,00NMSC20160645677-IBT 
:86:20160645677-IBT@050-SDC284481/2@010270360/ 
:61:1608020802C1232,00NMSC20160645678-IBT 
:86:20160645678-IBT@177-SDC284529/2@010073039/ 
:61:1608020802C2292,00NMSC20160645679-IBT 
:86:20160645679-IBT@022-SDC220353/1@P/N 030239344/ 
:61:1608020802C1801,00NMSC20160645680-IBT 
:86:20160645680-IBT@025-SDC221489/2@8B030112153/ 
:61:1608020802C22568,00NMSC20160645681-IBT 
:86:20160645681-IBT@032-SDC224945/1@PO 030147907 H.M.M.MOHAMAD NASLY VAVUNIYA/ 
:61:1608020802C2184,00NMSC20160645682-IBT 
:86:20160645682-IBT@149-SDC226566/1@P/N HN-BAC-2375-LI49/ 
:61:1608020802C5000,00NMSC20160645683-IBT 
:86:20160645683-IBT@188-SDC285731/2@010229637/ 
:61:1608020802C2150,00NMSC20160645684-IBT 
:86:20160645684-IBT@199-SDC285746/2@010222161/ 
:61:1608020802C6500,00NMSC20160645685-IBT 
:86:20160645685-IBT@018-SDC286331/2@10198465/ 
:61:1608020802C6072,00NMSC20160645686-IBT 
:86:20160645686-IBT@038-SDC286358/2@H L N PRADEEP 743371585V/ 
:61:1608020802C1317,00NMSC20160645687-IBT 
:86:20160645687-IBT@102-SDC287400/2@010112758/ 
:61:1608020802C2500,00NMSC20160645688-IBT 
:86:20160645688-IBT@244-SDC287695/2@010181492/ 
:61:1608020802C10100,00NMSC20160645689-IBT 
:86:20160645689-IBT@022-DC62017/2@852842229V/ 
:61:1608020802C6646,00NMSC20160645690-IBT 
:86:20160645690-IBT@061-SDC288636/2@030276125/ 
:61:1608020802C2739,00NMSC20160645691-IBT 
:86:20160645691-IBT@148-SDC288715/2@030272353/ 
:61:1608020802C2200,00NMSC20160645692-IBT 
:86:20160645692-IBT@027-SDC289042/2@010229687/ 
:61:1608020802C5851,00NMSC20160645693-IBT 
:86:20160645693-IBT@056-SDC289299/2@030277107/ 
:61:1608020802D3250000,00NMSD20160645694-IBT 
:86:20160645694-IBT@005-DC54868/1@ACUITY SECURITIES/ 
:61:1608020802C103712,00NMSC20160645695-IBT 
:86:20160645695-IBT@069-DC51993/2@2016PND00546/ 
:61:1608020802C3000,00NMSC20160645696-IBT 
:86:20160645696-IBT@004-SDC293031/1@IW SLIPS/-HNIL31593 J P F-NSB/ 
:61:1608020802C3000,00NMSC20160645697-IBT 
:86:20160645697-IBT@004-SDC293034/1@IW SLIPS/-HN-IL-27741-HDO-NSB/ 
:61:1608020802C5000,00NMSC20160645698-IBT 
:86:20160645698-IBT@004-SDC293040/1@IW SLIPS/-HN-IL-27739-HDO-NSB/ 
:61:1608020802C4000,00NMSC20160645699-IBT 
:86:20160645699-IBT@004-SDC293039/1@IW SLIPS/-HN-IL-27803-HDO-NSB/ 
:61:1608020802C3000,00NMSC20160645700-IBT 
:86:20160645700-IBT@004-SDC293038/1@IW SLIPS/-HN-IL-27742-HDO-NSB/ 
:61:1608020802C3000,00NMSC20160645701-IBT 
:86:20160645701-IBT@004-SDC293041/1@IW SLIPS/-HN-IL-27924-HDO-NSB/ 
:61:1608020802C3000,00NMSC20160645702-IBT 
:86:20160645702-IBT@004-SDC293032/1@IW SLIPS/-HN-IL-27697-HDO-NSB/ 
:61:1608020802C3500,00NMSC20160645703-IBT 
:86:20160645703-IBT@004-SDC293035/1@IW SLIPS/-HN-IL-27800-HDO-NSB/ 
:61:1608020802C4040,00NMSC20160645704-IBT 
:86:20160645704-IBT@004-SDC293037/1@IW SLIPS/-010177206 M D H-NSB/ 
:61:1608020802C104873,00NMSC20160645705-IBT 
:86:20160645705-IBT@063-DC67819/2@2016/2164/HNB R M D G RATNAYAKE/ 
:61:1608020802C16417,00NMSC20160645706-IBT 
:86:20160645706-IBT@098-DC69660/2@030200231/ 
:61:1608020802C608369,00NMSC20160645707-IBT 
:86:20160645707-IBT@068-DC67140/2@2016/BAC/008/L068/MF/ 
:61:1608020802C10560,00NMSC20160645708-IBT 
:86:20160645708-IBT@151-DC67761/2@2016MAT00393/ 
:61:1608020802C2568,00NMSC20160645709-IBT 
:86:20160645709-IBT@056-SDC298165/2@030278906/ 
:61:1608020802C41567,00NMSC20160645710-IBT 
:86:20160645710-IBT@006-DC66241/2@2016/2099/HNB/ 
:61:1608020802C2000,00NMSC20160645711-IBT 
:86:20160645711-IBT@019-SDC306606/2@010213708 NS WIJESUNDARA/ 
:61:1608020802C100648,00NMSC20160645712-IBT 
:86:20160645712-IBT@151-DC73089/2@2016MAT00394 S S AMARASINGHE/ 
:61:1608020802C5638,00NMSC20160645713-IBT 
:86:20160645713-IBT@128-DC67113/2@2016/2388/HNB IMJP BANDARA/ 
:61:1608020802C3446,00NMSC20160645714-IBT 
:86:20160645714-IBT@132-DC73277/2@2016/2231/MCR/ 
:62M:C160802LKR2263782,63 
