:20:170904 
:25:005010082426 
:28C:005010082426_20170001755-IBT 
:60F:C170904LKR28709110,87 
:61:1709040904D2550,00NMSDDC193533986700 
:86:20170001755-IBT@DC193533@TRF CHQ        69986700/69986700 
:61:1709040904D83750,00NMSD986703 
:86:20170001756-IBT@DC209748@TRF CHQ        69986703/69986703 
:61:1709040904D2600,00NMSD988314 
:86:20170001757-IBT@DC208583@988314/69988314 
:61:1709040904D100300,00NMSD988304 
:86:20170001758-IBT@DC208487@988304/69988304 
:61:1709040904D2200,00NMSD987921 
:86:20170001759-IBT@DC208422@987921/69987921 
:61:1709040904D3600,00NMSD986729 
:86:20170001760-IBT@DC208381@986729/69986729 
:61:1709040904D1050,00NMSD986727 
:86:20170001761-IBT@DC208320@986727/69986727 
:61:1709040904D6236,00NMSD986728 
:86:20170001762-IBT@DC208255@986728/69986728 
:61:1709040904D3400,00NMSD988317 
:86:20170001763-IBT@DC208166@988317/69988317 
:61:1709040904D59200,00NMSD988335 
:86:20170001764-IBT@DC208089@988335/69988335 
:61:1709040904D2500,00NMSD986682 
:86:20170001765-IBT@DC195251@TRF CHQ        69986682/69986682 
:61:1709040904D71300,00NMSD986736 
:86:20170001766-IBT@DC209351@986736/69986736 
:61:1709040904D50609,00NMSD986735 
:86:20170001767-IBT@DC206383@986735/69986735 
:61:1709040904D45933,33NMSD988342 
:86:20170001768-IBT@DC209282@988342/69988342 
:61:1709040904D200320,00NMSD988387 
:86:20170001769-IBT@DC209113@988387/69988387 
:61:1709040904D60200,00NMSD988388 
:86:20170001770-IBT@DC209073@988388/69988388 
:61:1709040904D2450,00NMSD988379 
:86:20170001771-IBT@DC209026@988379/69988379 
:61:1709040904D130078,00NMSD986742 
:86:20170001772-IBT@DC208960@986742/69986742 
:61:1709040904D13069,00NMSD988376 
:86:20170001773-IBT@DC208892@988376/69988376 
:61:1709040904D236242,89NMSD986725 
:86:20170001774-IBT@DC205709@986725/69986725 
:61:1709040904D3200,00NMSD988318 
:86:20170001775-IBT@DC209517@69988318/69988318 
:61:1709040904D2100,00NMSD988312 
:86:20170001776-IBT@DC209443@69988312/69988312 
:61:1709040904D254269,00NMSD988311 
:86:20170001777-IBT@DC209380@69988311/69988311 
:61:1709040904D2070,00NMSD988313 
:86:20170001778-IBT@DC209294@69988313/69988313 
:61:1709040904D2200,00NMSD988273 
:86:20170001779-IBT@DC209211@69988273/69988273 
:61:1709040904D4507,00NMSD986732 
:86:20170001780-IBT@DC208875@69986732/69986732 
:61:1709040904D1470,00NMSD986626 
:86:20170001781-IBT@DC188739@TRF CHQ        69986626/69986626 
:61:1709040904D3000,00NMSD986511 
:86:20170001782-IBT@DC161541@TRF CHQ        69986511/69986511 
:61:1709040904D377100,00NMSD988212 
:86:20170001783-IBT@DC205854@TRF CHQ        69988212/69988212 
:61:1709040904C5632,00NMSC20170001784-IBT 
:86:20170001784-IBT@SDC601921@IW SLIPS/10201148--/ 
:61:1709040904D21000,00NMSD987869 
:86:20170001785-IBT@DC186640@TRF CHQ        69987869/69987869 
:61:1709040904D74000,00NMSD988267 
:86:20170001786-IBT@DC188640@TRF CHQ        69988267/69988267 
:61:1709040904D2000,00NMSD987997 
:86:20170001787-IBT@DC183154@TRF CHQ        69987997/69987997 
:61:1709040904D48511,80NMSD988223 
:86:20170001788-IBT@DC162146@TRF CHQ        69988223/69988223 
:61:1709040904D48450,00NMSD247262 
:86:20170001789-IBT@DC143109@TRF CHQ        69247262/69247262 
:61:1709040904D3834,00NMSD986656 
:86:20170001790-IBT@DC167842@TRF CHQ        69986656/69986656 
:61:1709040904D15050000,00NMSD215245 
:86:20170001791-IBT@DC152390@TRANSFER TO 002010215245/TRANSFER TO 002010215245 
:61:1709040904D24992,00NMSD986692 
:86:20170001792-IBT@DC140809@0/69986692 
:61:1709040904D369680,00NMSD986646 
:86:20170001793-IBT@DC141074@0/69986646 
:61:1709040904D3000,00NMSD988192 
:86:20170001794-IBT@DC137811@TRF CHQ        69988192/69988192 
:61:1709040904D837500,00NMSD986752 
:86:20170001795-IBT@DC148224@TRF CHQ        69986752/69986752 
:61:1709040904D339722,29NMSD988229 
:86:20170001796-IBT@SDC554749@INWARD CLEARING ZONE/69988229 
:61:1709040904D50000,00NMSD988227 
:86:20170001797-IBT@SDC554749@INWARD CLEARING ZONE/69988227 
:61:1709040904D28347,61NMSD988224 
:86:20170001798-IBT@SDC554749@INWARD CLEARING ZONE/69988224 
:61:1709040904D13000,00NMSD988219 
:86:20170001799-IBT@SDC554749@INWARD CLEARING ZONE/69988219 
:61:1709040904D63000,00NMSD988213 
:86:20170001800-IBT@SDC554749@INWARD CLEARING ZONE/69988213 
:61:1709040904D2202,00NMSD988207 
:86:20170001801-IBT@SDC554749@INWARD CLEARING ZONE/69988207 
:61:1709040904D239000,00NMSD988166 
:86:20170001802-IBT@SDC554749@INWARD CLEARING ZONE/69988166 
:61:1709040904D239000,00NMSD988165 
:86:20170001803-IBT@SDC554749@INWARD CLEARING ZONE/69988165 
:61:1709040904D4083,41NMSD988164 
:86:20170001804-IBT@SDC554749@INWARD CLEARING ZONE/69988164 
:61:1709040904D19321,98NMSD988163 
:86:20170001805-IBT@SDC554749@INWARD CLEARING ZONE/69988163 
:61:1709040904D37000,00NMSD988119 
:86:20170001806-IBT@SDC554749@INWARD CLEARING ZONE/69988119 
:61:1709040904D140000,00NMSD988072 
:86:20170001807-IBT@SDC554749@INWARD CLEARING ZONE/69988072 
:61:1709040904D39050,00NMSD988051 
:86:20170001808-IBT@SDC554749@INWARD CLEARING ZONE/69988051 
:61:1709040904D91413,95NMSD988049 
:86:20170001809-IBT@SDC554749@INWARD CLEARING ZONE/69988049 
:61:1709040904D95294,89NMSD988005 
:86:20170001810-IBT@SDC554749@INWARD CLEARING ZONE/69988005 
:61:1709040904D59800,00NMSD987920 
:86:20170001811-IBT@SDC554749@INWARD CLEARING ZONE/69987920 
:61:1709040904D17500,00NMSD987893 
:86:20170001812-IBT@SDC554749@INWARD CLEARING ZONE/69987893 
:61:1709040904D6462,00NMSD987767 
:86:20170001813-IBT@SDC554749@INWARD CLEARING ZONE/69987767 
:61:1709040904D12900,00NMSD986704 
:86:20170001814-IBT@SDC554749@INWARD CLEARING ZONE/69986704 
:61:1709040904D2500,00NMSD986683 
:86:20170001815-IBT@SDC554749@INWARD CLEARING ZONE/69986683 
:61:1709040904D6500,00NMSD986680 
:86:20170001816-IBT@SDC554749@INWARD CLEARING ZONE/69986680 
:61:1709040904D2006,00NMSD986586 
:86:20170001817-IBT@SDC554749@INWARD CLEARING ZONE/69986586 
:61:1709040904D33613,56NMSD986564 
:86:20170001818-IBT@SDC554749@INWARD CLEARING ZONE/69986564 
:61:1709040904D2710,00NMSD985640 
:86:20170001819-IBT@SDC554749@INWARD CLEARING ZONE/69985640 
:61:1709040904D2398,99NMSD248643 
:86:20170001820-IBT@SDC554749@INWARD CLEARING ZONE/69248643 
:61:1709040904D25000,00NMSD247312 
:86:20170001821-IBT@SDC554749@INWARD CLEARING ZONE/69247312 
:61:1709040904D117346,93NMSD247310 
:86:20170001822-IBT@SDC554749@INWARD CLEARING ZONE/69247310 
:61:1709040904D27500,00NMSD247263 
:86:20170001823-IBT@SDC554749@INWARD CLEARING ZONE/69247263 
:61:1709040904D56575,00NMSD247244 
:86:20170001824-IBT@SDC554749@INWARD CLEARING ZONE/69247244 
:61:1709060906C95550,00NMSC20170002897-IBT 
:86:20170002897-IBT@153DC131327@2017/2033/HNB/ 
:61:1709060906D121795,00NMSD988377 
:86:20170002898-IBT@DC124302@TRF CHQ        69988377/69988377 
:61:1709060906D797640,00NMSD247297 
:86:20170002899-IBT@DC124721@TRF CHQ        69247297/69247297 
:61:1709060906D797640,00NMSD247296 
:86:20170002900-IBT@DC124643@TRF CHQ        69247296/69247296 
:61:1709060906D7148,00NMSD988233 
:86:20170002901-IBT@DC110918@TRF CHQ        69988233/69988233 
:61:1709060906D7069,00NMSD988274 
:86:20170002902-IBT@DC110815@TRF CHQ        69988274/69988274 
:61:1709060906D52500,00NMSD986496 
:86:20170002903-IBT@DC123834@TRF CHQ        69986496/69986496 
:61:1709060906D160697,49NMSD247285 
:86:20170002904-IBT@DC122120@TRF CHQ        69247285/69247285 
:61:1709060906D2750,00NMSD986697 
:86:20170002905-IBT@DC124985@TRF CHQ        69986697/69986697 
:61:1709060906D948072,00NMSD988391 
:86:20170002906-IBT@DC111827@TRF CHQ        69988391/69988391 
:61:1709060906D15000,00NMSD988208 
:86:20170002907-IBT@DC100247@TRF CHQ        69988208/69988208 
:61:1709060906D39000,00NMSD988217 
:86:20170002908-IBT@DC114375@TRF CHQ        69988217/69988217 
:61:1709060906D5875,00NMSD986696 
:86:20170002909-IBT@DC100926@TRF CHQ        69986696/69986696 
:61:1709060906C2200000,00NMSC 
:86:20170002910-IBT@DC101204@FND TRF/FND TRF 
:61:1709060906D9000,00NMSD247364 
:86:20170002911-IBT@DC73265@TRF CHQ        69247364/69247364 
:61:1709060906C1985,00NMSC20170002912-IBT 
:86:20170002912-IBT@SDC897772@010136865 R WICKRAMASINGHE/ 
:61:1709060906D571911,00NMSD988390 
:86:20170002913-IBT@SDC891665@INWARD CLEARING ZONE/69988390 
:61:1709060906D70000,00NMSD988367 
:86:20170002914-IBT@235SDC891665@INWARD CLEARING ZONE/69988367 
:61:1709060906D18854,68NMSD988264 
:86:20170002915-IBT@SDC891665@INWARD CLEARING ZONE/69988264 
:61:1709060906D20000,00NMSD988250 
:86:20170002916-IBT@SDC891665@INWARD CLEARING ZONE/69988250 
:61:1709060906D36000,00NMSD988240 
:86:20170002917-IBT@SDC891665@INWARD CLEARING ZONE/69988240 
:61:1709060906D3899,00NMSD988238 
:86:20170002918-IBT@SDC891665@INWARD CLEARING ZONE/69988238 
:61:1709060906D55226,02NMSD988228 
:86:20170002919-IBT@SDC891665@INWARD CLEARING ZONE/69988228 
:61:1709060906D229378,88NMSD988214 
:86:20170002920-IBT@SDC891665@INWARD CLEARING ZONE/69988214 
:61:1709060906D7240,00NMSD988205 
:86:20170002921-IBT@SDC891665@INWARD CLEARING ZONE/69988205 
:61:1709060906D1924,00NMSD988197 
:86:20170002922-IBT@SDC891665@INWARD CLEARING ZONE/69988197 
:61:1709060906D66350,00NMSD988194 
:86:20170002923-IBT@SDC891665@INWARD CLEARING ZONE/69988194 
:61:1709060906D115000,00NMSD988167 
:86:20170002924-IBT@SDC891665@INWARD CLEARING ZONE/69988167 
:61:1709060906D10163,00NMSD988143 
:86:20170002925-IBT@SDC891665@INWARD CLEARING ZONE/69988143 
:61:1709060906D2861,00NMSD988142 
:86:20170002926-IBT@SDC891665@INWARD CLEARING ZONE/69988142 
:61:1709060906D50000,00NMSD988110 
:86:20170002927-IBT@SDC891665@INWARD CLEARING ZONE/69988110 
:61:1709060906D46500,00NMSD988064 
:86:20170002928-IBT@SDC891665@INWARD CLEARING ZONE/69988064 
:61:1709060906D29475,88NMSD988006 
:86:20170002929-IBT@SDC891665@INWARD CLEARING ZONE/69988006 
:61:1709060906D7500,00NMSD987947 
:86:20170002930-IBT@SDC891665@INWARD CLEARING ZONE/69987947 
:61:1709060906D100000,00NMSD987941 
:86:20170002931-IBT@SDC891665@INWARD CLEARING ZONE/69987941 
:61:1709060906D50000,00NMSD987852 
:86:20170002932-IBT@SDC891665@INWARD CLEARING ZONE/69987852 
:61:1709060906D7800,00NMSD987544 
:86:20170002933-IBT@SDC891665@INWARD CLEARING ZONE/69987544 
:61:1709060906D62000,00NMSD987262 
:86:20170002934-IBT@SDC891665@INWARD CLEARING ZONE/69987262 
:61:1709060906D20000,00NMSD986734 
:86:20170002935-IBT@SDC891665@INWARD CLEARING ZONE/69986734 
:61:1709060906D630,00NMSD986675 
:86:20170002936-IBT@SDC891665@INWARD CLEARING ZONE/69986675 
:61:1709060906D17250,00NMSD986630 
:86:20170002937-IBT@SDC891665@INWARD CLEARING ZONE/69986630 
:61:1709060906D1080,00NMSD986465 
:86:20170002938-IBT@SDC891665@INWARD CLEARING ZONE/69986465 
:61:1709060906D660,00NMSD986374 
:86:20170002939-IBT@SDC891665@INWARD CLEARING ZONE/69986374 
:61:1709060906D87834,24NMSD247290 
:86:20170002940-IBT@SDC891665@INWARD CLEARING ZONE/69247290 
:61:1709060906D79294,80NMSD247288 
:86:20170002941-IBT@SDC891665@INWARD CLEARING ZONE/69247288 
:61:1709060906D71113,13NMSD247277 
:86:20170002942-IBT@SDC891665@INWARD CLEARING ZONE/69247277 
:61:1709060906D66861,00NMSD247275 
:86:20170002943-IBT@SDC891665@INWARD CLEARING ZONE/69247275 
:61:1709060906D66937,50NMSD247269 
:86:20170002944-IBT@SDC891665@INWARD CLEARING ZONE/69247269 
:61:1709060906D66861,00NMSD247256 
:86:20170002945-IBT@SDC891665@INWARD CLEARING ZONE/69247256 
:61:1709060906D2499,00NMSD987357 
:86:20170002946-IBT@DC76150@TRF CHQ        69987357/69987357 
:61:1709060906D3500,00NMSD986631 
:86:20170002947-IBT@DC75596@TRF CHQ        69986631/69986631 
:61:1709060906D9000,00NMSD988226 
:86:20170002948-IBT@DC55436@TRF CHQ        69988226/69988226 
:61:1709070907D1196460,00NMSD247306 
:86:20170004552-IBT@DC110373@TRF CHQ        69247306/69247306 
:61:1709070907D2018,00NMSD987518 
:86:20170004553-IBT@DC108915@TRF CHQ        69987518/69987518 
:61:1709070907D8500,00NMSD986693 
:86:20170004554-IBT@DC105054@TRF CHQ        69986693/69986693 
:61:1709070907D76682,00NMSD247284 
:86:20170004555-IBT@DC108453@TRF CHQ        69247284/69247284 
:61:1709070907D119447,50NMSD988298 
:86:20170004556-IBT@DC106854@TRF CHQ        69988298/69988298 
:61:1709070907D8167,00NMSD988204 
:86:20170004557-IBT@DC95882@TRF CHQ        69988204/69988204 
:61:1709070907D78000,00NMSD247231 
:86:20170004558-IBT@DC103836@TRF CHQ        69247231/69247231 
:61:1709070907D9000,00NMSD986724 
:86:20170004559-IBT@DC94661@TRF CHQ        69986724/69986724 
:61:1709070907C2800000,00NMSC 
:86:20170004560-IBT@DC85949@FUND TRF/FUND TRF 
:61:1709070907D110000,00NMSD988398 
:86:20170004561-IBT@DC89719@TRF CHQ        69988398/69988398 
:61:1709070907C3510,00NMSC20170004562-IBT 
:86:20170004562-IBT@202SDC111799@10291440/ 
:61:1709070907C174491,00NMSC20170004563-IBT 
:86:20170004563-IBT@DC59860@2017/2600/HNB L M V G M DE MEL/ 
:61:1709070907D231852,17NMSD988359 
:86:20170004564-IBT@DC80926@TRF CHQ        69988359/69988359 
:61:1709070907D65000,00NMSD988365 
:86:20170004565-IBT@SDC96470@INWARD CLEARING ZONE/69988365 
:61:1709070907D10650,00NMSD988348 
:86:20170004566-IBT@SDC96470@INWARD CLEARING ZONE/69988348 
:61:1709070907D24000,00NMSD988302 
:86:20170004567-IBT@SDC96470@INWARD CLEARING ZONE/69988302 
:61:1709070907D73644,34NMSD988301 
:86:20170004568-IBT@SDC96470@INWARD CLEARING ZONE/69988301 
:61:1709070907D21000,00NMSD988281 
:86:20170004569-IBT@SDC96470@INWARD CLEARING ZONE/69988281 
:61:1709070907D19500,00NMSD988270 
:86:20170004570-IBT@SDC96470@INWARD CLEARING ZONE/69988270 
:61:1709070907D66000,00NMSD988268 
:86:20170004571-IBT@SDC96470@INWARD CLEARING ZONE/69988268 
:61:1709070907D12800,00NMSD988258 
:86:20170004572-IBT@SDC96470@INWARD CLEARING ZONE/69988258 
:61:1709070907D1800,00NMSD988254 
:86:20170004573-IBT@SDC96470@INWARD CLEARING ZONE/69988254 
:61:1709070907D18750,00NMSD988253 
:86:20170004574-IBT@SDC96470@INWARD CLEARING ZONE/69988253 
:61:1709070907D280200,00NMSD988252 
:86:20170004575-IBT@SDC96470@INWARD CLEARING ZONE/69988252 
:61:1709070907D280200,00NMSD988251 
:86:20170004576-IBT@SDC96470@INWARD CLEARING ZONE/69988251 
:61:1709070907D2520,00NMSD988234 
:86:20170004577-IBT@SDC96470@INWARD CLEARING ZONE/69988234 
:61:1709070907D60000,00NMSD988230 
:86:20170004578-IBT@SDC96470@INWARD CLEARING ZONE/69988230 
:61:1709070907D1466,00NMSD988199 
:86:20170004579-IBT@SDC96470@INWARD CLEARING ZONE/69988199 
:61:1709070907D6050,00NMSD988188 
:86:20170004580-IBT@SDC96470@INWARD CLEARING ZONE/69988188 
:61:1709070907D15066,00NMSD988187 
:86:20170004581-IBT@SDC96470@INWARD CLEARING ZONE/69988187 
:61:1709070907D74000,00NMSD988168 
:86:20170004582-IBT@SDC96470@INWARD CLEARING ZONE/69988168 
:61:1709070907D25316,67NMSD987598 
:86:20170004583-IBT@SDC96470@INWARD CLEARING ZONE/69987598 
:61:1709070907D200000,00NMSD986706 
:86:20170004584-IBT@SDC96470@INWARD CLEARING ZONE/69986706 
:61:1709070907D18064,00NMSD986695 
:86:20170004585-IBT@SDC96470@INWARD CLEARING ZONE/69986695 
:61:1709070907D6458,00NMSD986665 
:86:20170004586-IBT@SDC96470@INWARD CLEARING ZONE/69986665 
:61:1709070907D2400,00NMSD986546 
:86:20170004587-IBT@SDC96470@INWARD CLEARING ZONE/69986546 
:61:1709070907D19283,74NMSD986436 
:86:20170004588-IBT@SDC96470@INWARD CLEARING ZONE/69986436 
:61:1709070907D2800,00NMSD986343 
:86:20170004589-IBT@SDC96470@INWARD CLEARING ZONE/69986343 
:61:1709070907D169757,00NMSD247309 
:86:20170004590-IBT@SDC96470@INWARD CLEARING ZONE/69247309 
:61:1709070907D61631,38NMSD247302 
:86:20170004591-IBT@SDC96470@INWARD CLEARING ZONE/69247302 
:61:1709070907D3750,00NMSD247136 
:86:20170004592-IBT@DC70875@TRF CHQ        69247136/69247136 
:61:1709070907C1200,00NMSC20170004593-IBT 
:86:20170004593-IBT@153SDC83339@10006653/ 
:61:1709070907D52500,00NMSD988262 
:86:20170004594-IBT@DC57969@TRF CHQ        69988262/69988262 
:61:1709080908D12445,42NMSD988115 
:86:20170005191-IBT@DC185779@TRF CHQ        69988115/69988115 
:61:1709080908D85000,00NMSD247282 
:86:20170005192-IBT@SDC319440@INWARD CLEARING ZONE/69247282 
:61:1709080908D68385,90NMSD247321 
:86:20170005193-IBT@SDC319440@INWARD CLEARING ZONE/69247321 
:61:1709080908D58650,00NMSD247347 
:86:20170005194-IBT@SDC319440@INWARD CLEARING ZONE/69247347 
:61:1709080908D50830,00NMSD247349 
:86:20170005195-IBT@SDC319440@INWARD CLEARING ZONE/69247349 
:61:1709080908D72579,38NMSD247357 
:86:20170005196-IBT@SDC319440@INWARD CLEARING ZONE/69247357 
:61:1709080908D23000,00NMSD247365 
:86:20170005197-IBT@SDC319440@INWARD CLEARING ZONE/69247365 
:61:1709080908D2965,00NMSD986385 
:86:20170005198-IBT@SDC319440@INWARD CLEARING ZONE/69986385 
:61:1709080908D1425,00NMSD986738 
:86:20170005199-IBT@SDC319440@INWARD CLEARING ZONE/69986738 
:61:1709080908D46200,00NMSD986741 
:86:20170005200-IBT@SDC319440@INWARD CLEARING ZONE/69986741 
:61:1709080908D45000,00NMSD986747 
:86:20170005201-IBT@SDC319440@INWARD CLEARING ZONE/69986747 
:61:1709080908D1095,00NMSD987492 
:86:20170005202-IBT@SDC319440@INWARD CLEARING ZONE/69987492 
:61:1709080908D2195,00NMSD987512 
:86:20170005203-IBT@SDC319440@INWARD CLEARING ZONE/69987512 
:61:1709080908D12000,00NMSD987807 
:86:20170005204-IBT@SDC319440@INWARD CLEARING ZONE/69987807 
:61:1709080908D10000,00NMSD987990 
:86:20170005205-IBT@SDC319440@INWARD CLEARING ZONE/69987990 
:61:1709080908D94000,00NMSD988056 
:86:20170005206-IBT@SDC319440@INWARD CLEARING ZONE/69988056 
:61:1709080908D3200,00NMSD988189 
:86:20170005207-IBT@SDC319440@INWARD CLEARING ZONE/69988189 
:61:1709080908D3165,00NMSD988190 
:86:20170005208-IBT@SDC319440@INWARD CLEARING ZONE/69988190 
:61:1709080908D105000,00NMSD988269 
:86:20170005209-IBT@SDC319440@INWARD CLEARING ZONE/69988269 
:61:1709080908D17200,00NMSD988283 
:86:20170005210-IBT@SDC319440@INWARD CLEARING ZONE/69988283 
:61:1709110911D1540000,00NMSD986748 
:86:20170005818-IBT@DC144918@TRF CHQ        69986748/69986748 
:61:1709110911D9270,00NMSD986694 
:86:20170005819-IBT@DC144204@TRF CHQ        69986694/69986694 
:61:1709110911D2000,00NMSD988279 
:86:20170005820-IBT@DC136811@TRF CHQ        69988279/69988279 
:61:1709110911D45780,00NMSD986745 
:86:20170005821-IBT@DC122409@TRF CHQ        69986745/69986745 
:61:1709110911D10605,00NMSD988375 
:86:20170005822-IBT@DC118857@TRF CHQ        69988375/69988375 
:61:1709110911D3555,00NMSD988308 
:86:20170005823-IBT@DC142141@TRF CHQ        69988308/69988308 
:61:1709110911D4800,00NMSD988353 
:86:20170005824-IBT@DC132822@69988353/69988353 
:61:1709110911C38139,00NMSC20170005825-IBT 
:86:20170005825-IBT@DC132551@2017/2769/HNB - MRP PREMIUM/ 
:61:1709110911D10500,00NMSD988354 
:86:20170005826-IBT@DC132689@69988354/69988354 
:61:1709110911D600,00NMSD986669 
:86:20170005827-IBT@DC132447@69986669/69986669 
:61:1709110911C21000,00NMSC20170005828-IBT 
:86:20170005828-IBT@SDC841696@IW SLIPS/TRS ORD VIA SLP-10270027-P A MANUFA/ 
:61:1709110911C1203,00NMSC20170005829-IBT 
:86:20170005829-IBT@93SDC823541@2005/ILP-D/BRL/18794/ 
:61:1709110911D22000,00NMSD988289 
:86:20170005830-IBT@DC115660@TRF CHQ        69988289/69988289 
:61:1709110911C1300000,00NMSC 
:86:20170005831-IBT@DC97605@FND TRF/FND TRF 
:61:1709110911C4955,00NMSC20170005832-IBT 
:86:20170005832-IBT@DC105675@2017/2774/HNB/ 
:61:1709110911D6751,00NMSD988236 
:86:20170005833-IBT@DC102865@TRF CHQ        69988236/69988236 
:61:1709110911C4000,00NMSC20170005834-IBT 
:86:20170005834-IBT@96SDC815546@10015161/ 
:61:1709110911C6277,00NMSC20170005835-IBT 
:86:20170005835-IBT@DC103277@2017/2776/HNB/ 
:61:1709110911D50000,00NMSD988417 
:86:20170005836-IBT@DC101694@TRF CHQ        69988417/69988417 
:61:1709110911D29000,00NMSD988416 
:86:20170005837-IBT@SDC795915@INWARD CLEARING ZONE/69988416 
:61:1709110911D35370,00NMSD988411 
:86:20170005838-IBT@SDC795915@INWARD CLEARING ZONE/69988411 
:61:1709110911D12000,00NMSD988407 
:86:20170005839-IBT@SDC795915@INWARD CLEARING ZONE/69988407 
:61:1709110911D47000,00NMSD988399 
:86:20170005840-IBT@SDC795915@INWARD CLEARING ZONE/69988399 
:61:1709110911D98000,00NMSD988363 
:86:20170005841-IBT@SDC795915@INWARD CLEARING ZONE/69988363 
:61:1709110911D40000,00NMSD988362 
:86:20170005842-IBT@SDC795915@INWARD CLEARING ZONE/69988362 
:61:1709110911D156433,25NMSD988358 
:86:20170005843-IBT@SDC795915@INWARD CLEARING ZONE/69988358 
:61:1709110911D21012,34NMSD988161 
:86:20170005844-IBT@SDC795915@INWARD CLEARING ZONE/69988161 
:61:1709110911D3500,00NMSD987917 
:86:20170005845-IBT@SDC795915@INWARD CLEARING ZONE/69987917 
:61:1709110911D16800,00NMSD987817 
:86:20170005846-IBT@SDC795915@INWARD CLEARING ZONE/69987817 
:61:1709110911D3000,00NMSD987798 
:86:20170005847-IBT@SDC795915@INWARD CLEARING ZONE/69987798 
:61:1709110911D39395,55NMSD987643 
:86:20170005848-IBT@SDC795915@INWARD CLEARING ZONE/69987643 
:61:1709110911D75000,00NMSD987550 
:86:20170005849-IBT@SDC795915@INWARD CLEARING ZONE/69987550 
:61:1709110911D55315,50NMSD986744 
:86:20170005850-IBT@SDC795915@INWARD CLEARING ZONE/69986744 
:61:1709110911D55315,50NMSD986743 
:86:20170005851-IBT@SDC795915@INWARD CLEARING ZONE/69986743 
:61:1709110911D27063,40NMSD986739 
:86:20170005852-IBT@SDC795915@INWARD CLEARING ZONE/69986739 
:61:1709110911D6499,32NMSD986553 
:86:20170005853-IBT@SDC795915@INWARD CLEARING ZONE/69986553 
:61:1709110911D88088,00NMSD986302 
:86:20170005854-IBT@SDC795915@INWARD CLEARING ZONE/69986302 
:61:1709110911D295000,00NMSD247366 
:86:20170005855-IBT@SDC795915@INWARD CLEARING ZONE/69247366 
:61:1709110911D44867,25NMSD247363 
:86:20170005856-IBT@SDC795915@INWARD CLEARING ZONE/69247363 
:61:1709110911D56084,06NMSD247359 
:86:20170005857-IBT@SDC795915@INWARD CLEARING ZONE/69247359 
:61:1709110911D44574,00NMSD247353 
:86:20170005858-IBT@SDC795915@INWARD CLEARING ZONE/69247353 
:61:1709110911D56084,06NMSD247343 
:86:20170005859-IBT@SDC795915@INWARD CLEARING ZONE/69247343 
:61:1709110911D46736,72NMSD247333 
:86:20170005860-IBT@SDC795915@INWARD CLEARING ZONE/69247333 
:61:1709110911D14967,48NMSD247286 
:86:20170005861-IBT@SDC795915@INWARD CLEARING ZONE/69247286 
:61:1709080908D34027,00NMSD20170008217-IBT 
:86:20170008217-IBT@DC174760@TRF CHQ        69986653/ 
:61:1709080908D7047,00NMSD20170008218-IBT 
:86:20170008218-IBT@DC174637@TRF CHQ        69986654/ 
:61:1709080908D9496,00NMSD20170008219-IBT 
:86:20170008219-IBT@DC174263@TRF CHQ        69986652/ 
:61:1709080908D41250,00NMSD20170008220-IBT 
:86:20170008220-IBT@DC206912@TRF CHQ        69988121/ 
:61:1709080908D2310,00NMSD20170008221-IBT 
:86:20170008221-IBT@DC233111@TRF CHQ        69986711/ 
:61:1709080908D14604,00NMSD20170008222-IBT 
:86:20170008222-IBT@DC229193@TRF CHQ        69986710/ 
:61:1709080908D4906,00NMSD20170008223-IBT 
:86:20170008223-IBT@DC229142@TRF CHQ        69986709/ 
:61:1709080908D2452,00NMSD20170008224-IBT 
:86:20170008224-IBT@DC229063@TRF CHQ        69986712/ 
:61:1709080908D4726,00NMSD20170008225-IBT 
:86:20170008225-IBT@DC229013@TRF CHQ        69986716/ 
:61:1709080908D7228,00NMSD20170008226-IBT 
:86:20170008226-IBT@DC228971@TRF CHQ        69986714/ 
:61:1709080908D30000,00NMSD20170008227-IBT 
:86:20170008227-IBT@DC229085@TRF CHQ        69988029/ 
:61:1709080908D8586,00NMSD20170008228-IBT 
:86:20170008228-IBT@DC228924@TRF CHQ        69986718/ 
:61:1709080908D5906,00NMSD20170008229-IBT 
:86:20170008229-IBT@DC228871@TRF CHQ        69986719/ 
:61:1709080908D1745,00NMSD20170008230-IBT 
:86:20170008230-IBT@DC228835@TRF CHQ        69986720/ 
:61:1709080908D7100,00NMSD20170008231-IBT 
:86:20170008231-IBT@DC227009@TRF CHQ        69247367/ 
:61:1709080908D1461,00NMSD20170008232-IBT 
:86:20170008232-IBT@DC228797@TRF CHQ        69986717/ 
:61:1709080908D5965,00NMSD20170008233-IBT 
:86:20170008233-IBT@DC228759@TRF CHQ        69986715/ 
:61:1709080908D11870,00NMSD20170008234-IBT 
:86:20170008234-IBT@DC228594@TRF CHQ        69986713/ 
:61:1709080908D3900,00NMSD20170008235-IBT 
:86:20170008235-IBT@DC227139@988382/ 
:61:1709080908C1845,00NMSC20170008236-IBT 
:86:20170008236-IBT@DC226855@2017/2955/MCR/ 
:61:1709080908D13000,00NMSD20170008237-IBT 
:86:20170008237-IBT@DC222540@TRF CHQ        69988278/ 
:61:1709080908D6250,00NMSD20170008238-IBT 
:86:20170008238-IBT@DC217943@TRF CHQ        69247243/ 
:61:1709080908D70000,00NMSD20170008239-IBT 
:86:20170008239-IBT@DC222980@TRF CHQ        69988422/ 
:61:1709080908D5961,60NMSD20170008240-IBT 
:86:20170008240-IBT@DC200397@TRF CHQ        69247336/ 
:61:1709080908D10333,44NMSD20170008241-IBT 
:86:20170008241-IBT@701DC200737@TRF CHQ        69247360/ 
:61:1709080908D7158,75NMSD20170008242-IBT 
:86:20170008242-IBT@DC200661@TRF CHQ        69247338/ 
:61:1709080908D7396,80NMSD20170008243-IBT 
:86:20170008243-IBT@DC200584@TRF CHQ        69247334/ 
:61:1709080908D5498,44NMSD20170008244-IBT 
:86:20170008244-IBT@DC200478@TRF CHQ        69247332/ 
:61:1709080908D6598,13NMSD20170008245-IBT 
:86:20170008245-IBT@122DC200282@TRF CHQ        69247342/ 
:61:1709080908D6555,00NMSD20170008246-IBT 
:86:20170008246-IBT@DC200186@TRF CHQ        69247340/ 
:61:1709080908D5244,00NMSD20170008247-IBT 
:86:20170008247-IBT@DC200075@TRF CHQ        69247352/ 
:61:1709080908D6900,00NMSD20170008248-IBT 
:86:20170008248-IBT@DC199771@TRF CHQ        69247346/ 
:61:1709080908D5980,00NMSD20170008249-IBT 
:86:20170008249-IBT@DC199681@TRF CHQ        69247348/ 
:61:1709080908D10764,00NMSD20170008250-IBT 
:86:20170008250-IBT@DC199614@TRF CHQ        69247350/ 
:61:1709080908D11923,20NMSD20170008251-IBT 
:86:20170008251-IBT@DC199541@TRF CHQ        69247344/ 
:61:1709080908D5278,50NMSD20170008252-IBT 
:86:20170008252-IBT@DC199456@TRF CHQ        69247362/ 
:61:1709080908D6598,13NMSD20170008253-IBT 
:86:20170008253-IBT@DC199390@TRF CHQ        69247358/ 
:61:1709080908D8538,75NMSD20170008254-IBT 
:86:20170008254-IBT@DC199291@TRF CHQ        69247356/ 
:61:1709080908D6339,38NMSD20170008255-IBT 
:86:20170008255-IBT@DC199131@TRF CHQ        69247354/ 
:61:1709080908D2063,00NMSD20170008256-IBT 
:86:20170008256-IBT@DC195094@TRF CHQ        69988309/ 
:61:1709080908D60000,00NMSD20170008257-IBT 
:86:20170008257-IBT@DC205717@TRF CHQ        69988412/ 
:61:1709080908C1750000,00NMSC20170008258-IBT 
:86:20170008258-IBT@DC191322@FUND TRF/ 
:61:1709080908D38000,00NMSD20170008259-IBT 
:86:20170008259-IBT@SDC319440@INWARD CLEARING ZONE/ 
:61:1709080908D26604,00NMSD20170008260-IBT 
:86:20170008260-IBT@SDC319440@INWARD CLEARING ZONE/ 
:61:1709080908D89000,00NMSD20170008261-IBT 
:86:20170008261-IBT@SDC319440@INWARD CLEARING ZONE/ 
:61:1709080908D305340,00NMSD20170008262-IBT 
:86:20170008262-IBT@SDC319440@INWARD CLEARING ZONE/ 
:61:1709080908D20000,00NMSD20170008263-IBT 
:86:20170008263-IBT@SDC319440@INWARD CLEARING ZONE/ 
:61:1709080908D47500,00NMSD20170008264-IBT 
:86:20170008264-IBT@SDC319440@INWARD CLEARING ZONE/ 
:61:1709080908D7200,00NMSD20170008265-IBT 
:86:20170008265-IBT@SDC319440@INWARD CLEARING ZONE/ 
:61:1709080908D20000,00NMSD20170008266-IBT 
:86:20170008266-IBT@SDC319440@INWARD CLEARING ZONE/ 
:62M:C170908LKR725240,88 
