:20:170901 
:25:115010057116 
:28C:115010057116_20170001453-IBT 
:60F:C170901LKR442701,86 
:61:1709010901C1792,00NMSC20170001453-IBT 
:86:20170001453-IBT@SDC136438@P.N. 2006/1LP-P2/MRG/8086/ 
:61:1709010901C2000,00NMSC20170001454-IBT 
:86:20170001454-IBT@SDC133823@HN-IL-23550-MHG B K S COORAY & D M A UDAYANG/ 
:61:1709010901C2251,00NMSC20170001455-IBT 
:86:20170001455-IBT@SDC109276@010105744 PODIMENIKE A G R/ 
:61:1709010901C1156,00NMSC20170001456-IBT 
:86:20170001456-IBT@SDC105471@10080136/ 
:61:1709040904C1212,00NMSC20170001902-IBT 
:86:20170001902-IBT@DC206145@2017/2940/MCR-M D A RENUKA/ 
:61:1709040904C348852,33NMSC20170001903-IBT 
:86:20170001903-IBT@SDC603506@IW SLIPS/C09991709040649-115-DIALOG AXIATA P/ 
:61:1709040904D350000,00NMSD20170001904-IBT 
:86:20170001904-IBT@DC179924@TO ACUITY/ 
:61:1709040904C30189,00NMSC20170001905-IBT 
:86:20170001905-IBT@DC148433@MICRO/577440115V/P K SHRIYALATHA/ 
:61:1709040904C10390,00NMSC20170001906-IBT 
:86:20170001906-IBT@SDC327939@DC185842/ 
:61:1709040904C1040,00NMSC20170001907-IBT 
:86:20170001907-IBT@SDC315076@HN/IL/12790/NGB/ 
:61:1709040904C1670,00NMSC20170001908-IBT 
:86:20170001908-IBT@SDC315026@10116266/ 
:61:1709060906C18428,00NMSC20170003017-IBT 
:86:20170003017-IBT@DC111277@MICRO/860991110V/W A D M WICKRAMASURIYA/ 
:61:1709060906D400000,00NMSD20170003018-IBT 
:86:20170003018-IBT@DC87993@TO ACUTY/ 
:61:1709060906C1145,00NMSC20170003019-IBT 
:86:20170003019-IBT@SDC771795@10167699/ 
:61:1709080908C977,00NMSC20170005269-IBT 
:86:20170005269-IBT@SDC229697@P/N.010123667/ 
:61:1709080908C1290,00NMSC20170005270-IBT 
:86:20170005270-IBT@SDC229979@010107492 KUMARA T A M A/ 
:61:1709080908C15298,00NMSC20170005271-IBT 
:86:20170005271-IBT@SDC230307@P/N 010285104/ 
:61:1709080908C2000,00NMSC20170005272-IBT 
:86:20170005272-IBT@SDC248460@HN/IL/7079/NGB/ 
:61:1709080908C2007,00NMSC20170005273-IBT 
:86:20170005273-IBT@SDC248522@HN/IL/7080/NGB/ 
:61:1709080908C53658,00NMSC20170005274-IBT 
:86:20170005274-IBT@SDC248613@10114813/ 
:61:1709080908C54607,00NMSC20170005275-IBT 
:86:20170005275-IBT@SDC248613@10114814/ 
:61:1709080908C1200,00NMSC20170005276-IBT 
:86:20170005276-IBT@SDC251010@010073054 HPN SOMARATNE/ 
:61:1709080908C8676,00NMSC20170005277-IBT 
:86:20170005277-IBT@DC200519@2017/2942/MCR/ 
:61:1709080908D150000,00NMSD20170005278-IBT 
:86:20170005278-IBT@DC192234@FT - ACUTIY/ 
:61:1709080908C56041,00NMSC20170005279-IBT 
:86:20170005279-IBT@SDC365615@IW SLIPS/            XXX--MOBITEL (PVT) LTD-/ 
:62M:C170908LKR158581,19 
