:61:1711161116D4812628,77NMSD065047 
:86:20170049009-IBT@52SDC824605@SWEEPING TO 701020065047/SWEEPING TO 701020065047 
:61:1711161116C27844,00NMSCLBDL16112017 
:86:20170049010-IBT@69SDC776157@LBDL16112017/LBDL16112017 
:61:1711161116D27244,00NMSD 
:86:20170049011-IBT@69DC107750@REV ENTRY SDC771193/REV ENTRY SDC771193 
:61:1711161116C27244,00NMSCLBDL16112017 
:86:20170049012-IBT@SDC771193@LBDL16112017/LBDL16112017 
:61:1711161116C10574,00NMSCLCLS15112017 
:86:20170049013-IBT@DC101978@LCLS15112017/LCLS15112017 
:61:1711161116C10574,00NMSCLCLS15112017 
:86:20170049014-IBT@57DC101772@LCLS15112017/LCLS15112017 
:61:1711161116C10574,00NMSCLCLS15112017 
:86:20170049015-IBT@DC101671@LCLS15112017/LCLS15112017 
:61:1711161116C6279,00NMSC 
:86:20170049016-IBT@125DC79778@./. 
:61:1711161116C9287,00NMSCLMAT15112017 
:86:20170049017-IBT@53DC89314@LMAT15112017/LMAT15112017 
:61:1711161116C31200,00NMSCLANP15112017 
:86:20170049018-IBT@53SDC763317@LANP15112017/LANP15112017 
:61:1711161116C64700,00NMSCLBYG15112017 
:86:20170049019-IBT@15SDC751510@LBYG15112017/LBYG15112017 
:61:1711161116C28649,00NMSC208382 
:86:20170049020-IBT@14DC91270@15208382/15208382 
:61:1711161116C80897,00NMSCLKYP 15.11.2017 
:86:20170049021-IBT@14SDC747016@LKYP 15.11.2017/LKYP 15.11.2017 
:61:1711161116C13800,00NMSCLNWE15112017 
:86:20170049022-IBT@120SDC746867@LNWE15112017/LNWE15112017 
:61:1711161116C134903,00NMSCLGLE15112017 
:86:20170049023-IBT@120SDC760256@LGLE15112017/LGLE15112017 
:61:1711161116C2300,00NMSCLGLE15112017S 
:86:20170049024-IBT@30SDC760180@LGLE15112017S/LGLE15112017S 
:61:1711161116C92436,00NMSCLMHG15112017 
:86:20170049025-IBT@224SDC757385@LMHG15112017/LMHG15112017 
:61:1711161116C51911,00NMSCLKGL15112017 
:86:20170049026-IBT@224SDC751040@LKGL15112017/LKGL15112017 
:61:1711161116C10360,00NMSC321556 
:86:20170049027-IBT@83DC90598@321556/321556 
:61:1711161116C14600,00NMSCLTSM15112017 
:86:20170049028-IBT@32SDC755069@LTSM15112017/LTSM15112017 
:61:1711161116C700,00NMSCLTSM15112017 
:86:20170049029-IBT@32SDC754980@LTSM15112017/LTSM15112017 
:61:1711161116C12928,00NMSCLAVS14112017 
:86:20170049030-IBT@118SDC754232@LAVS14112017/LAVS14112017 
:61:1711161116D2050000,00NMSD 
:86:20170049031-IBT@92DC89991@FUND TRANSFER/FUND TRANSFER 
:61:1711161116C1000,00NMSCLDBL15112017S 
:86:20170049032-IBT@31SDC752449@LDBL15112017S/LDBL15112017S 
:61:1711161116C27010,00NMSCLDBL15112017 
:86:20170049033-IBT@31SDC752327@LDBL15112017/LDBL15112017 
:61:1711161116D1650000,00NMSD008865 
:86:20170049034-IBT@87DC89867@FND TRF TO 701010008865/FND TRF TO 701010008865 
:61:1711161116D1600000,00NMSD215245 
:86:20170049035-IBT@40DC91764@ACUITY SEC 002010215245/ACUITY SEC 002010215245 
:61:1711161116C86804,00NMSCLGMP15112017 
:86:20170049036-IBT@65SDC752011@LGMP15112017/LGMP15112017 
:61:1711161116C21060,00NMSCLAMT15112017 
:86:20170049037-IBT@50SDC751786@LAMT15112017/LAMT15112017 
:61:1711161116C550,00NMSCLBYG15112017 
:86:20170049038-IBT@81SDC751658@LBYG15112017/LBYG15112017 
:61:1711161116C65412,00NMSC508942 
:86:20170049039-IBT@81SDC751295@00508942/7056/004/15-11-2017/00508942/7056/004/15-11-2017 
:61:1711161116C7500,00NMSC652156 
:86:20170049040-IBT@SDC751295@53652156/7135/089/15-11-2017/53652156/7135/089/15-11-2017 
:61:1711161116C3173,00NMSC107690 
:86:20170049041-IBT@20SDC751295@53107690/7135/208/15-11-2017/53107690/7135/208/15-11-2017 
:61:1711161116C12486,00NMSC819346 
:86:20170049042-IBT@91SDC750932@00819346/7056/013/15-11-2017/00819346/7056/013/15-11-2017 
:61:1711161116C1211,00NMSC584758 
:86:20170049043-IBT@16SDC750932@00584758/7056/055/15-11-2017/00584758/7056/055/15-11-2017 
:61:1711161116C10700,00NMSC105284 
:86:20170049044-IBT@16SDC750932@00105284/7278/030/15-11-2017/00105284/7278/030/15-11-2017 
:61:1711161116C3127,00NMSC632260 
:86:20170049045-IBT@191SDC750932@53632260/7135/076/15-11-2017/53632260/7135/076/15-11-2017 
:61:1711161116C10000,00NMSC619547 
:86:20170049046-IBT@150SDC750932@53619547/7135/324/15-11-2017/53619547/7135/324/15-11-2017 
:61:1711161116C5222,00NMSC632259 
:86:20170049047-IBT@71SDC750932@53632259/7135/076/15-11-2017/53632259/7135/076/15-11-2017 
:61:1711161116C7150,00NMSC006207 
:86:20170049048-IBT@223SDC750462@00006207/7214/035/15-11-2017/00006207/7214/035/15-11-2017 
:61:1711161116C4146,00NMSC068928 
:86:20170049049-IBT@SDC750462@00068928/7162/014/15-11-2017/00068928/7162/014/15-11-2017 
:61:1711161116C7500,00NMSC014263 
:86:20170049050-IBT@SDC750462@00014263/7010/700/15-11-2017/00014263/7010/700/15-11-2017 
:61:1711161116C6540,00NMSC055727 
:86:20170049051-IBT@SDC750462@00055727/7278/145/15-11-2017/00055727/7278/145/15-11-2017 
:61:1711161116C32930,00NMSC737142 
:86:20170049052-IBT@11SDC750462@00737142/7162/031/15-11-2017/00737142/7162/031/15-11-2017 
:61:1711161116C6104,00NMSC708161 
:86:20170049053-IBT@SDC750462@00708161/7162/031/15-11-2017/00708161/7162/031/15-11-2017 
:61:1711161116C8063,00NMSC301998 
:86:20170049054-IBT@11SDC750462@00301998/7010/668/15-11-2017/00301998/7010/668/15-11-2017 
:61:1711161116C46746,00NMSC 
:86:20170049055-IBT@DC90895@RV/17/2/KDY/RV/17/2/KDY 
:61:1711161116C3290,00NMSC563977 
:86:20170049056-IBT@SDC750064@00563977/7010/535/15-11-2017/00563977/7010/535/15-11-2017 
:61:1711161116C10000,00NMSC186304 
:86:20170049057-IBT@SDC750064@00186304/7162/040/15-11-2017/00186304/7162/040/15-11-2017 
:61:1711161116C15046,00NMSC774288 
:86:20170049058-IBT@DC91427@16774288/16774288 
:61:1711161116C50000,00NMSC 
:86:20170049059-IBT@DC90488@TRF CHQ/TRF CHQ 
:61:1711161116C5023,00NMSC446956 
:86:20170049060-IBT@10DC91354@80446956/80446956 
:61:1711161116C45439,00NMSC693401 
:86:20170049061-IBT@156SDC749459@00693401/7056/125/15-11-2017/00693401/7056/125/15-11-2017 
:61:1711161116C69600,00NMSC231716 
:86:20170049062-IBT@SDC749459@00231716/7010/525/15-11-2017/00231716/7010/525/15-11-2017 
:61:1711161116C2009,00NMSC028665 
:86:20170049063-IBT@74SDC749459@53028665/7135/216/15-11-2017/53028665/7135/216/15-11-2017 
:61:1711161116C920,00NMSC115205 
:86:20170049064-IBT@28SDC749459@00115205/7135/250/15-11-2017/00115205/7135/250/15-11-2017 
:61:1711161116C15260,00NMSC077260 
:86:20170049065-IBT@13SDC749459@00077260/7287/113/15-11-2017/00077260/7287/113/15-11-2017 
:61:1711161116C3200,00NMSC392660 
:86:20170049066-IBT@13SDC749459@00392660/7092/001/15-11-2017/00392660/7092/001/15-11-2017 
:61:1711161116C7015,00NMSC392646 
:86:20170049067-IBT@64SDC749459@00392646/7092/001/15-11-2017/00392646/7092/001/15-11-2017 
:61:1711161116C11466,00NMSC624278 
:86:20170049068-IBT@41SDC747767@53624278/7135/316/15-11-2017/53624278/7135/316/15-11-2017 
:61:1711161116C6050,00NMSC018541 
:86:20170049069-IBT@SDC747767@00018541/7454/078/15-11-2017/00018541/7454/078/15-11-2017 
:61:1711161116C2420,00NMSC126378 
:86:20170049070-IBT@90SDC747767@00126378/7162/070/15-11-2017/00126378/7162/070/15-11-2017 
:61:1711161116C3356,00NMSC028537 
:86:20170049071-IBT@90SDC747767@00028537/7010/715/15-11-2017/00028537/7010/715/15-11-2017 
:61:1711161116C10840,00NMSC913091 
:86:20170049072-IBT@111SDC747767@00913091/7056/121/15-11-2017/00913091/7056/121/15-11-2017 
:61:1711161116C100000,00NMSC075466 
:86:20170049073-IBT@SDC747767@00075466/7302/023/15-11-2017/00075466/7302/023/15-11-2017 
:61:1711161116C2526,00NMSC521204 
:86:20170049074-IBT@48SDC746112@00521204/7056/059/15-11-2017/00521204/7056/059/15-11-2017 
:61:1711161116C2511,00NMSC521205 
:86:20170049075-IBT@48SDC746112@00521205/7056/059/15-11-2017/00521205/7056/059/15-11-2017 
:61:1711161116C1755,00NMSC549946 
:86:20170049076-IBT@SDC746112@00549946/7056/045/15-11-2017/00549946/7056/045/15-11-2017 
:61:1711161116C2150,00NMSC892537 
:86:20170049077-IBT@SDC746112@00892537/7056/002/15-11-2017/00892537/7056/002/15-11-2017 
:61:1711161116C2100,00NMSC892536 
:86:20170049078-IBT@51SDC746112@00892536/7056/002/15-11-2017/00892536/7056/002/15-11-2017 
:61:1711161116C3000,00NMSC655093 
:86:20170049079-IBT@45SDC744369@53655093/7135/196/15-11-2017/53655093/7135/196/15-11-2017 
:61:1711161116C177300,00NMSC287272 
:86:20170049080-IBT@156SDC744369@00287272/7287/064/15-11-2017/00287272/7287/064/15-11-2017 
:61:1711161116C7100,00NMSC259321 
:86:20170049081-IBT@SDC744006@10259321/10259321 
:61:1711161116D100,00NMSD 
:86:20170049082-IBT@SDC743034@CHQ RTN-COMM/CHQ RTN-COMM 
:61:1711161116C41820,00NMSCLBDW15112017 
:86:20170049083-IBT@SDC743049@LBDW15112017/LBDW15112017 
:61:1711161116D30458,00NMSD036399 
:86:20170049084-IBT@SDC742684@53036399:REFER TO DRAWER/53036399:REFER TO DRAWER 
:61:1711161116C30458,00NMSC036399 
:86:20170049085-IBT@SDC742684@53036399:OUTWARD CLEARING ZONE-6/53036399:OUTWARD CLEARING ZONE-6 
:61:1711161116C72840,00NMSCLKLH15112017 
:86:20170049086-IBT@SDC742554@LKLH15112017/LKLH15112017 
:61:1711161116C700,00NMSCLKLH15112017S 
:86:20170049087-IBT@SDC742471@LKLH15112017S/LKLH15112017S 
:61:1711161116C24320,00NMSCLMYN15112017 
:86:20170049088-IBT@SDC738799@LMYN15112017/LMYN15112017 
:61:1711161116C29380,00NMSCLMLV15112017 
:86:20170049089-IBT@SDC738089@LMLV15112017/LMLV15112017 
:61:1711161116C79440,00NMSCLJLA15112017 
:86:20170049090-IBT@SDC736296@LJLA15112017/LJLA15112017 
:61:1711161116C10000,00NMSCLPND15112017 
:86:20170049091-IBT@SDC736295@LPND15112017/LPND15112017 
:61:1711161116C54899,00NMSCLGPL15112017 
:86:20170049092-IBT@SDC735225@LGPL15112017/LGPL15112017 
:61:1711161116C1000,00NMSCLGPL15112017S 
:86:20170049093-IBT@SDC735128@LGPL15112017S/LGPL15112017S 
:61:1711161116C750,00NMSCLMRG15112017S 
:86:20170049094-IBT@SDC735071@LMRG15112017S/LMRG15112017S 
:61:1711161116C85691,00NMSCLMRG15112017 
:86:20170049095-IBT@SDC734953@LMRG15112017/LMRG15112017 
:61:1711161116C9000,00NMSCLKBD15112017S 
:86:20170049096-IBT@SDC733472@LKBD15112017S/LKBD15112017S 
:61:1711161116C98599,00NMSCLKBD15112014 
:86:20170049097-IBT@SDC733299@LKBD15112014/LKBD15112014 
:61:1711161116C6600,00NMSCLHTN15112017 
:86:20170049098-IBT@SDC732934@LHTN15112017/LHTN15112017 
:61:1711161116C250,00NMSCLCLS15122017S 
:86:20170049099-IBT@SDC731948@LCLS15122017S/LCLS15122017S 
:61:1711161116C54468,00NMSCLCLS15112017 
:86:20170049100-IBT@SDC731856@LCLS15112017/LCLS15112017 
:61:1711161116C64602,00NMSCLEMB15112017 
:86:20170049101-IBT@SDC730256@LEMB15112017/LEMB15112017 
:61:1711161116C15100,00NMSCLPND15112017S 
:86:20170049102-IBT@SDC729646@LPND15112017S/LPND15112017S 
:61:1711161116C55794,00NMSCLPND15112017 
:86:20170049103-IBT@SDC729579@LPND15112017/LPND15112017 
:61:1711161116C1254,00NMSC133568 
:86:20170049104-IBT@SDC728953@10133568/10133568 
:61:1711161116C76925,00NMSCLHRN15112017 
:86:20170049105-IBT@SDC727717@LHRN15112017/LHRN15112017 
:61:1711161116C182331,00NMSCLNGB15112017 
:86:20170049106-IBT@SDC727114@LNGB15112017/LNGB15112017 
:61:1711161116C5945,00NMSCLMTG15112017 
:86:20170049107-IBT@SDC726826@LMTG15112017/LMTG15112017 
:61:1711161116C19212,00NMSCLCLN15112017 
:86:20170049108-IBT@SDC726287@LCLN15112017/LCLN15112017 
:61:1711161116C22937,00NMSCLWTL15112017 
:86:20170049109-IBT@SDC724510@LWTL15112017/LWTL15112017 
:61:1711161116C73455,00NMSCLKLT15112017 
:86:20170049110-IBT@SDC723806@LKLT15112017/LKLT15112017 
:61:1711161116C48000,00NMSCLAPR15112017 
:86:20170049111-IBT@DC71038@LAPR15112017/LAPR15112017 
:61:1711161116C99900,00NMSCLCHW15112017 
:86:20170049112-IBT@SDC723335@LCHW15112017/LCHW15112017 
:61:1711161116C18760,00NMSCLTRC15112017 
:86:20170049113-IBT@SDC723088@LTRC15112017/LTRC15112017 
:61:1711161116C16443,00NMSCLNIT15112017 
:86:20170049114-IBT@SDC721865@LNIT15112017/LNIT15112017 
:61:1711161116C346539,00NMSCLKRG15112017 
:86:20170049115-IBT@SDC721803@LKRG15112017/LKRG15112017 
:61:1711161116C2150,00NMSCLKRG15112017S 
:86:20170049116-IBT@SDC721740@LKRG15112017S/LKRG15112017S 
:61:1711161116C28205,00NMSCLVNY15112017 
:86:20170049117-IBT@SDC720710@LVNY15112017/LVNY15112017 
:61:1711161116C66185,00NMSCLRTN15112017 
:86:20170049118-IBT@SDC720529@LRTN15112017/LRTN15112017 
:61:1711161116C5000,00NMSCLRTN15112017S 
:86:20170049119-IBT@SDC720337@LRTN15112017S/LRTN15112017S 
:61:1711161116C91386,00NMSCLAGD15112017 
:86:20170049120-IBT@SDC719448@LAGD15112017/LAGD15112017 
:61:1711161116C233405,00NMSCLAPR15112017 
:86:20170049121-IBT@SDC719383@LAPR15112017/LAPR15112017 
:61:1711161116C4000,00NMSCLAPR15112017S 
:86:20170049122-IBT@SDC719289@LAPR15112017S/LAPR15112017S 
:61:1711161116C37384,00NMSCLKLN15112017 
:86:20170049123-IBT@82SDC718846@LKLN15112017/LKLN15112017 
:61:1711161116C3590,00NMSCLNLY15112017 
:86:20170049124-IBT@SDC718145@LNLY15112017/LNLY15112017 
:61:1711161116C4700,00NMSCLNLY15112017 
:86:20170049125-IBT@12SDC718030@LNLY15112017/LNLY15112017 
:61:1711161116C13817,00NMSCLMTL15112017 
:86:20170049126-IBT@SDC717710@LMTL15112017/LMTL15112017 
:61:1711161116C67665,00NMSCLBLN15112017 
:86:20170049127-IBT@SDC717465@LBLN15112017/LBLN15112017 
:61:1711161116C32800,00NMSCLPLN15112017S 
:86:20170049128-IBT@195SDC717403@LPLN15112017S/LPLN15112017S 
:61:1711161116C79127,00NMSCLPLN15112017 
:86:20170049129-IBT@195SDC717276@LPLN15112017/LPLN15112017 
:61:1711161116C18967,00NMSCLPTM15112017 
:86:20170049130-IBT@124SDC716561@LPTM15112017/LPTM15112017 
:61:1711161116C45010,00NMSCLMAT15112017 
:86:20170049131-IBT@61SDC715705@LMAT15112017/LMAT15112017 
:61:1711161116C2000,00NMSCLKDY15112017S 
:86:20170049132-IBT@87SDC715665@LKDY15112017S/LKDY15112017S 
:61:1711161116C700,00NMSCLMAT15112017 
:86:20170049133-IBT@69SDC715554@LMAT15112017/LMAT15112017 
:61:1711161116C75128,00NMSCLKDY15112017 
:86:20170049134-IBT@14SDC715547@LKDY15112017/LKDY15112017 
:61:1711161116C16100,00NMSCLPNW15112017 
:86:20170049135-IBT@14SDC715273@LPNW15112017/LPNW15112017 
:61:1711161116C1350,00NMSCLKWE15112017S 
:86:20170049136-IBT@53SDC715228@LKWE15112017S/LKWE15112017S 
:61:1711161116C12393,13NMSCLJAF15112017S 
:86:20170049137-IBT@53SDC715169@LJAF15112017S/LJAF15112017S 
:61:1711161116C42326,00NMSCLKWE15112017 
:86:20170049138-IBT@56SDC715020@LKWE15112017/LKWE15112017 
:61:1711161116C41409,00NMSCLDNY15112017 
:86:20170049139-IBT@56SDC713419@LDNY15112017/LDNY15112017 
:61:1711161116C576,00NMSCLBDL15112017 
:86:20170049140-IBT@15DC60066@LBDL15112017/LBDL15112017 
:61:1711161116C664770,00NMSCLJAF15112017 
:86:20170049141-IBT@92SDC712913@LJAF15112017/LJAF15112017 
:61:1711161116C66480,00NMSCLMNR15112017 
:86:20170049142-IBT@92SDC711749@LMNR15112017/LMNR15112017 
:61:1711161116C150,00NMSCLMNR15112017S 
:86:20170049143-IBT@50SDC711612@LMNR15112017S/LMNR15112017S 
:61:1711161116C5120,00NMSCLBTC1511201 
:86:20170049144-IBT@69SDC709271@LBTC1511201/LBTC1511201 
:61:1711161116C15180,00NMSC 
:86:20170049145-IBT@69SDC687263@IW SLIPS/CPU151117000873-010259185-JAYASINGH/IW SLIPS/CPU151117000873-010259185-JAYASINGH 
:61:1711161116C516,00NMSC000192 
:86:20170049146-IBT@46SDC670354@010001922 JANAKA CHANDRAK/010001922 JANAKA CHANDRAK 
:61:1711161116C8220,00NMSC291396 
:86:20170049147-IBT@52SDC665821@P/N 030291396/P/N 030291396 
:61:1711171117D5021312,32NMSD065047 
:86:20170049582-IBT@SDC67125@SWEEPING TO 701020065047/SWEEPING TO 701020065047 
:61:1711171117C34037,00NMSCLTRC16112017 
:86:20170049583-IBT@DC185504@LTRC16112017/LTRC16112017 
:61:1711171117C26468,00NMSCLBDL17112017 
:86:20170049584-IBT@SDC981245@LBDL17112017/LBDL17112017 
:61:1711171117C15,00NMSCLKWE16112017S 
:86:20170049585-IBT@SDC981076@LKWE16112017S/LKWE16112017S 
:61:1711171117C2928,00NMSC217434 
:86:20170049586-IBT@DC211054@69217434/69217434 
:61:1711171117C101331,00NMSCLTRC16112017 
:86:20170049587-IBT@DC185358@LTRC16112017/LTRC16112017 
:61:1711171117C109430,00NMSC112017 
:86:20170049588-IBT@DC208792@17112017/17112017 
:61:1711171117C121179,00NMSCLKLT16112017 
:86:20170049589-IBT@SDC970826@LKLT16112017/LKLT16112017 
:61:1711171117C203334,00NMSC112017 
:86:20170049590-IBT@DC208695@17112017/17112017 
:61:1711171117C13533,32NMSC987240 
:86:20170049591-IBT@DC208585@69987240/69987240 
:61:1711171117C14600,00NMSCLNGE16112017 
:86:20170049592-IBT@SDC953904@LNGE16112017/LNGE16112017 
:61:1711171117C20066,00NMSCLNIT16112017 
:86:20170049593-IBT@SDC954156@LNIT16112017/LNIT16112017 
:61:1711171117C7000,00NMSC 
:86:20170049594-IBT@DC189626@TRF CHQ/TRF CHQ 
:61:1711171117C314975,00NMSC312749 
:86:20170049595-IBT@SDC967999@10312749/10312749 
:61:1711171117C3000,00NMSCLMHG16112017S 
:86:20170049596-IBT@SDC967191@LMHG16112017S/LMHG16112017S 
:61:1711171117C64474,00NMSCLMHG16112017 
:86:20170049597-IBT@11SDC967009@LMHG16112017/LMHG16112017 
:61:1711171117C97677,00NMSCLCLN16112017 
:86:20170049598-IBT@84SDC966042@LCLN16112017/LCLN16112017 
:61:1711171117C22000,00NMSCLCLN16112017 
:86:20170049599-IBT@SDC965915@LCLN16112017/LCLN16112017 
:61:1711171117C700,00NMSCLANP16112017S 
:86:20170049600-IBT@SDC956462@LANP16112017S/LANP16112017S 
:61:1711171117C3640,00NMSCLTSM16112017 
:86:20170049601-IBT@SDC965121@LTSM16112017/LTSM16112017 
:61:1711171117C23098,00NMSCLHD016112017 
:86:20170049602-IBT@34SDC960562@LHD016112017/LHD016112017 
:61:1711171117C19729,00NMSCLKGL16112017 
:86:20170049603-IBT@SDC959160@LKGL16112017/LKGL16112017 
:61:1711171117C3170,00NMSC953688 
:86:20170049604-IBT@SDC957114@00953688/7056/009/16-11-2017/00953688/7056/009/16-11-2017 
:61:1711171117C6528,00NMSC252503 
:86:20170049605-IBT@28SDC957114@00252503/7278/006/16-11-2017/00252503/7278/006/16-11-2017 
:61:1711171117C9784,00NMSC076077 
:86:20170049606-IBT@25SDC957114@53076077/7135/334/16-11-2017/53076077/7135/334/16-11-2017 
:61:1711171117C2699,00NMSC038354 
:86:20170049607-IBT@SDC957114@53038354/7135/101/16-11-2017/53038354/7135/101/16-11-2017 
:61:1711171117C3529,00NMSC068947 
:86:20170049608-IBT@14SDC957114@00068947/7010/255/16-11-2017/00068947/7010/255/16-11-2017 
:61:1711171117C8460,00NMSC338527 
:86:20170049609-IBT@64SDC957114@00338527/7010/569/16-11-2017/00338527/7010/569/16-11-2017 
:61:1711171117C20000,00NMSC899332 
:86:20170049610-IBT@64SDC957114@00899332/7287/018/16-11-2017/00899332/7287/018/16-11-2017 
:61:1711171117C1561,00NMSC023266 
:86:20170049611-IBT@247SDC957114@53023266/7135/248/16-11-2017/53023266/7135/248/16-11-2017 
:61:1711171117C28272,00NMSC389626 
:86:20170049612-IBT@247SDC957114@00389626/7056/109/16-11-2017/00389626/7056/109/16-11-2017 
:61:1711171117C19630,00NMSC945650 
:86:20170049613-IBT@10SDC957114@00945650/7092/001/16-11-2017/00945650/7092/001/16-11-2017 
:61:1711171117C25052,00NMSC117074 
:86:20170049614-IBT@90SDC957114@00117074/7056/140/16-11-2017/00117074/7056/140/16-11-2017 
:61:1711171117C3092,00NMSC010411 
:86:20170049615-IBT@701SDC956663@51010411/7481/009/16-11-2017/51010411/7481/009/16-11-2017 
:61:1711171117C6600,00NMSC597307 
:86:20170049616-IBT@41SDC956663@00597307/7287/031/16-11-2017/00597307/7287/031/16-11-2017 
:61:1711171117C1505,00NMSC292115 
:86:20170049617-IBT@SDC956663@00292115/7010/660/16-11-2017/00292115/7010/660/16-11-2017 
:61:1711171117C6092,00NMSC287961 
:86:20170049618-IBT@SDC956663@00287961/7056/074/16-11-2017/00287961/7056/074/16-11-2017 
:61:1711171117C31511,00NMSC648284 
:86:20170049619-IBT@SDC956663@00648284/7056/124/16-11-2017/00648284/7056/124/16-11-2017 
:61:1711171117C89004,00NMSCLANP16112017 
:86:20170049620-IBT@SDC956613@LANP16112017/LANP16112017 
:61:1711171117C12420,00NMSC165405 
:86:20170049621-IBT@SDC956187@00165405/7010/754/16-11-2017/00165405/7010/754/16-11-2017 
:61:1711171117C26531,00NMSC017235 
:86:20170049622-IBT@SDC956187@00017235/7056/041/16-11-2017/00017235/7056/041/16-11-2017 
:61:1711171117C31752,00NMSC163888 
:86:20170049623-IBT@SDC956187@00163888/7010/509/16-11-2017/00163888/7010/509/16-11-2017 
:61:1711171117C25631,00NMSC072366 
:86:20170049624-IBT@SDC956187@53072366/7135/189/16-11-2017/53072366/7135/189/16-11-2017 
:61:1711171117C25520,00NMSC240210 
:86:20170049625-IBT@SDC956187@00240210/7010/560/16-11-2017/00240210/7010/560/16-11-2017 
:61:1711171117C15600,00NMSC053425 
:86:20170049626-IBT@SDC956187@00053425/7056/160/16-11-2017/00053425/7056/160/16-11-2017 
:61:1711171117C3100,00NMSC314413 
:86:20170049627-IBT@SDC956187@00314413/7010/665/16-11-2017/00314413/7010/665/16-11-2017 
:61:1711171117C45442,00NMSC173794 
:86:20170049628-IBT@SDC956187@00173794/7056/018/16-11-2017/00173794/7056/018/16-11-2017 
:61:1711171117C2920,00NMSC173887 
:86:20170049629-IBT@SDC956187@00173887/7010/045/16-11-2017/00173887/7010/045/16-11-2017 
:61:1711171117C3600,00NMSC063710 
:86:20170049630-IBT@SDC956187@00063710/7302/024/16-11-2017/00063710/7302/024/16-11-2017 
:61:1711171117C5495,00NMSC555462 
:86:20170049631-IBT@SDC956187@00555462/7162/018/16-11-2017/00555462/7162/018/16-11-2017 
:61:1711171117C5422,00NMSC564459 
:86:20170049632-IBT@SDC956187@00564459/7162/018/16-11-2017/00564459/7162/018/16-11-2017 
:61:1711171117C1511,00NMSC043859 
:86:20170049633-IBT@10SDC956187@09043859/7135/293/16-11-2017/09043859/7135/293/16-11-2017 
:61:1711171117C9421,00NMSC544691 
:86:20170049634-IBT@SDC956187@00544691/7287/015/16-11-2017/00544691/7287/015/16-11-2017 
:61:1711171117C6000,00NMSC569906 
:86:20170049635-IBT@SDC955635@00569906/7056/049/16-11-2017/00569906/7056/049/16-11-2017 
:61:1711171117C2200,00NMSC019983 
:86:20170049636-IBT@SDC955635@53019983/7135/192/16-11-2017/53019983/7135/192/16-11-2017 
:61:1711171117C3583,00NMSC519242 
:86:20170049637-IBT@SDC955635@00519242/7278/013/16-11-2017/00519242/7278/013/16-11-2017 
:61:1711171117C1711,00NMSC552656 
:86:20170049638-IBT@SDC955635@00552656/7010/531/16-11-2017/00552656/7010/531/16-11-2017 
:61:1711171117C13655,00NMSC636967 
:86:20170049639-IBT@SDC955635@53636967/7135/036/16-11-2017/53636967/7135/036/16-11-2017 
:61:1711171117C3773,00NMSC061507 
:86:20170049640-IBT@SDC955635@00061507/7135/162/16-11-2017/00061507/7135/162/16-11-2017 
:61:1711171117C50700,00NMSC709031 
:86:20170049641-IBT@SDC955635@00709031/7010/588/16-11-2017/00709031/7010/588/16-11-2017 
:61:1711171117C2500,00NMSC213315 
:86:20170049642-IBT@SDC955635@00213315/7010/506/16-11-2017/00213315/7010/506/16-11-2017 
:61:1711171117C2580,00NMSC105870 
:86:20170049643-IBT@SDC955635@53105870/7135/116/16-11-2017/53105870/7135/116/16-11-2017 
:61:1711171117C2001,00NMSC105868 
:86:20170049644-IBT@SDC955635@00105868/7135/116/16-11-2017/00105868/7135/116/16-11-2017 
:61:1711171117C2575,00NMSC046967 
:86:20170049645-IBT@SDC955635@53046967/7135/127/16-11-2017/53046967/7135/127/16-11-2017 
:61:1711171117C1160,00NMSC343086 
:86:20170049646-IBT@SDC955635@00343086/7010/503/16-11-2017/00343086/7010/503/16-11-2017 
:61:1711171117C7299,00NMSC105863 
:86:20170049647-IBT@SDC955635@53105863/7135/116/16-11-2017/53105863/7135/116/16-11-2017 
:61:1711171117C1302,00NMSC105866 
:86:20170049648-IBT@SDC955635@00105866/7135/116/16-11-2017/00105866/7135/116/16-11-2017 
:61:1711171117C20000,00NMSC437976 
:86:20170049649-IBT@SDC955635@00437976/7010/628/16-11-2017/00437976/7010/628/16-11-2017 
:61:1711171117C10600,00NMSC114200 
:86:20170049650-IBT@SDC955635@53114200/7135/275/16-11-2017/53114200/7135/275/16-11-2017 
:61:1711171117C15000,00NMSC384052 
:86:20170049651-IBT@SDC955635@00384052/7056/048/16-11-2017/00384052/7056/048/16-11-2017 
:61:1711171117C15000,00NMSC384051 
:86:20170049652-IBT@SDC955635@00384051/7056/048/16-11-2017/00384051/7056/048/16-11-2017 
:61:1711171117C3316,00NMSC744012 
:86:20170049653-IBT@SDC954818@00744012/7010/543/16-11-2017/00744012/7010/543/16-11-2017 
:61:1711171117C6600,00NMSC120971 
:86:20170049654-IBT@SDC954818@53120971/7135/217/16-11-2017/53120971/7135/217/16-11-2017 
:61:1711171117C9617,00NMSC329770 
:86:20170049655-IBT@SDC954818@00329770/7010/627/16-11-2017/00329770/7010/627/16-11-2017 
:61:1711171117C6389,00NMSC110904 
:86:20170049656-IBT@SDC954818@53110904/7135/319/16-11-2017/53110904/7135/319/16-11-2017 
:61:1711171117C6896,00NMSC162988 
:86:20170049657-IBT@SDC954818@53162988/7135/306/16-11-2017/53162988/7135/306/16-11-2017 
:61:1711171117C18150,00NMSC052648 
:86:20170049658-IBT@SDC954818@00052648/7278/092/16-11-2017/00052648/7278/092/16-11-2017 
:61:1711171117C6045,00NMSC613647 
:86:20170049659-IBT@SDC954818@53613647/7135/067/16-11-2017/53613647/7135/067/16-11-2017 
:61:1711171117C26067,00NMSCLKYP16112017 
:86:20170049660-IBT@SDC954974@LKYP16112017/LKYP16112017 
:61:1711171117C1345,00NMSC130828 
:86:20170049661-IBT@SDC954570@30130828/30130828 
:61:1711171117C1011,00NMSC165697 
:86:20170049662-IBT@SDC954458@30165697/30165697 
:61:1711171117C8021,00NMSCLDBL16112017 
:86:20170049663-IBT@SDC954276@LDBL16112017/LDBL16112017 
:61:1711171117C15265,00NMSC850004 
:86:20170049664-IBT@SDC953507@00850004/7056/028/16-11-2017/00850004/7056/028/16-11-2017 
:61:1711171117C15054,00NMSC033983 
:86:20170049665-IBT@SDC953507@00033983/7278/116/16-11-2017/00033983/7278/116/16-11-2017 
:61:1711171117C49953,00NMSCLKWE16112017 
:86:20170049666-IBT@SDC953638@LKWE16112017/LKWE16112017 
:61:1711171117C372275,00NMSCLNGB16112017 
:86:20170049667-IBT@SDC953228@LNGB16112017/LNGB16112017 
:61:1711171117C10300,00NMSC263734 
:86:20170049668-IBT@SDC953194@10263734/10263734 
:61:1711171117C20383,00NMSCLAVS16112017 
:86:20170049669-IBT@SDC951588@LAVS16112017/LAVS16112017 
:61:1711171117C9920,00NMSCLBDW1611207 
:86:20170049670-IBT@SDC951581@LBDW1611207/LBDW1611207 
:61:1711171117D200,00NMSD 
:86:20170049671-IBT@SDC950705@CHQ RTN-COMM/CHQ RTN-COMM 
:61:1711171117D7500,00NMSD 
:86:20170049672-IBT@SDC950364@428091:REFER TO DRAWER/428091:REFER TO DRAWER 
:61:1711171117C7500,00NMSC 
:86:20170049673-IBT@74SDC950364@428091:OUTWARD CLEARING ZONE-4/428091:OUTWARD CLEARING ZONE-4 
:61:1711171117D6710,00NMSD 
:86:20170049674-IBT@82SDC950364@720176:REFER TO DRAWER/720176:REFER TO DRAWER 
:61:1711171117C6710,00NMSC 
:86:20170049675-IBT@82SDC950364@720176:OUTWARD CLEARING ZONE-3/720176:OUTWARD CLEARING ZONE-3 
:61:1711171117C59800,00NMSCLPLN16112017 
:86:20170049676-IBT@48SDC950362@LPLN16112017/LPLN16112017 
:61:1711171117C5750,00NMSCLGMP16112017S 
:86:20170049677-IBT@SDC948217@LGMP16112017S/LGMP16112017S 
:61:1711171117C84567,00NMSCLGMP16112017 
:86:20170049678-IBT@SDC948054@LGMP16112017/LGMP16112017 
:61:1711171117C1300,00NMSC107337 
:86:20170049679-IBT@84SDC947245@10107337/10107337 
:61:1711171117C95937,00NMSCLKLH16112017 
:86:20170049680-IBT@145SDC946157@LKLH16112017/LKLH16112017 
:61:1711171117C21120,00NMSCLBYG16112017 
:86:20170049681-IBT@82SDC946116@LBYG16112017/LBYG16112017 
:61:1711171117C44685,00NMSCLWTL16112017 
:86:20170049682-IBT@111SDC946104@LWTL16112017/LWTL16112017 
:61:1711171117C550,00NMSCLBYG16112017 
:86:20170049683-IBT@12SDC946008@LBYG16112017/LBYG16112017 
:61:1711171117C382154,00NMSCLGLE16112017 
:86:20170049684-IBT@SDC944961@LGLE16112017/LGLE16112017 
:61:1711171117C6000,00NMSCLGLE161120175S 
:86:20170049685-IBT@SDC944852@LGLE161120175S/LGLE161120175S 
:61:1711171117C22729,00NMSCLMLV16112017 
:86:20170049686-IBT@SDC942769@LMLV16112017/LMLV16112017 
:61:1711171117C78560,00NMSCLKBD16112017 
:86:20170049687-IBT@SDC942707@LKBD16112017/LKBD16112017 
:61:1711171117C21680,00NMSCLAMT16112017 
:86:20170049688-IBT@SDC942557@LAMT16112017/LAMT16112017 
:61:1711171117C3000,00NMSCLMYN16112017 
:86:20170049689-IBT@38SDC941078@LMYN16112017/LMYN16112017 
:61:1711171117C141770,00NMSCLAPR16112017 
:86:20170049690-IBT@51SDC940871@LAPR16112017/LAPR16112017 
:61:1711171117C7569,00NMSCLHRN16112017 
:86:20170049691-IBT@51SDC938974@LHRN16112017/LHRN16112017 
:61:1711171117C7360,00NMSCLPND16112017S 
:86:20170049692-IBT@60SDC937061@LPND16112017S/LPND16112017S 
:61:1711171117C41288,00NMSCLPND16112017 
:86:20170049693-IBT@195SDC936890@LPND16112017/LPND16112017 
:61:1711171117C16660,00NMSCLJAF16112017 
:86:20170049694-IBT@156DC178317@LJAF16112017/LJAF16112017 
:61:1711171117C2544,00NMSC 
:86:20170049695-IBT@35DC176790@HNBA/HNBA 
:61:1711171117C20665,00NMSCLBTC16112017 
:86:20170049696-IBT@156SDC936137@LBTC16112017/LBTC16112017 
:61:1711171117C10004,00NMSCLANP15112017 
:86:20170049697-IBT@13DC167759@LANP15112017/LANP15112017 
:61:1711171117C8851,00NMSCLMTG16112017 
:86:20170049698-IBT@13SDC935009@LMTG16112017/LMTG16112017 
:61:1711171117C5000,00NMSCLMRG16112017S 
:86:20170049699-IBT@61SDC933095@LMRG16112017S/LMRG16112017S 
:61:1711171117C78720,00NMSCLMRG16112017 
:86:20170049700-IBT@56SDC932999@LMRG16112017/LMRG16112017 
:61:1711171117C7080,00NMSCLHTN16112017 
:86:20170049701-IBT@45SDC931465@LHTN16112017/LHTN16112017 
:61:1711171117C1218,00NMSCLGPL16112017S 
:86:20170049702-IBT@124SDC931460@LGPL16112017S/LGPL16112017S 
:61:1711171117C74344,00NMSCLGPL16112017 
:86:20170049703-IBT@58SDC931354@LGPL16112017/LGPL16112017 
:61:1711171117C750,00NMSCLDNY16112017S 
:86:20170049704-IBT@52SDC931193@LDNY16112017S/LDNY16112017S 
:61:1711171117C24945,00NMSCLDNY16112017 
:86:20170049705-IBT@69SDC931104@LDNY16112017/LDNY16112017 
:61:1711171117C130023,00NMSCLRTN16112017 
:86:20170049706-IBT@69SDC930979@LRTN16112017/LRTN16112017 
:61:1711171117C3200,00NMSCLKRG16112017S 
:86:20170049707-IBT@SDC930555@LKRG16112017S/LKRG16112017S 
:61:1711171117C292256,00NMSCLKRG16112017 
:86:20170049708-IBT@SDC930380@LKRG16112017/LKRG16112017 
:61:1711171117C47266,00NMSCLPTM16112017 
:86:20170049709-IBT@57SDC930334@LPTM16112017/LPTM16112017 
:61:1711171117C750,00NMSCLVNY16112017S 
:86:20170049710-IBT@SDC930095@LVNY16112017S/LVNY16112017S 
:61:1711171117C79113,00NMSCLVNY16112017 
:86:20170049711-IBT@125SDC929975@LVNY16112017/LVNY16112017 
:61:1711171117C19925,00NMSCLNLY16112017 
:86:20170049712-IBT@53SDC929879@LNLY16112017/LNLY16112017 
:61:1711171117C80592,00NMSCLCLS16112017 
:86:20170049713-IBT@53SDC929503@LCLS16112017/LCLS16112017 
:61:1711171117C3000,00NMSCLTRC16112017S 
:86:20170049714-IBT@15SDC929084@LTRC16112017S/LTRC16112017S 
:61:1711171117C7868,00NMSCLTRC16112017 
:86:20170049715-IBT@14SDC929010@LTRC16112017/LTRC16112017 
:61:1711171117C125195,00NMSCLJLA16112017 
:86:20170049716-IBT@14SDC925723@LJLA16112017/LJLA16112017 
:61:1711171117C79450,00NMSCLCHW16112017 
:86:20170049717-IBT@120SDC925108@LCHW16112017/LCHW16112017 
:61:1711171117C17600,00NMSCLMTL16112017 
:86:20170049718-IBT@120SDC924734@LMTL16112017/LMTL16112017 
:61:1711171117C21517,00NMSCLEMB16112017 
:86:20170049719-IBT@30SDC924643@LEMB16112017/LEMB16112017 
:61:1711171117C420,00NMSCLAGD16112017 
:86:20170049720-IBT@224SDC924514@LAGD16112017/LAGD16112017 
:61:1711171117C11342,00NMSCLAGD16112017 
:86:20170049721-IBT@224SDC924445@LAGD16112017/LAGD16112017 
:61:1711171117C15000,00NMSC 
:86:20170049722-IBT@83DC160942@./. 
:61:1711171117C16000,00NMSCLMNR16112017 
:86:20170049723-IBT@32SDC922435@LMNR16112017/LMNR16112017 
:61:1711171117C16150,00NMSCLKLN16112017 
:86:20170049724-IBT@32SDC919682@LKLN16112017/LKLN16112017 
:61:1711171117C4700,00NMSCLJAF16112017S 
:86:20170049725-IBT@118SDC919238@LJAF16112017S/LJAF16112017S 
:61:1711171117C103734,00NMSCLJAF16112017 
:86:20170049726-IBT@92SDC919122@LJAF16112017/LJAF16112017 
:61:1711171117C2000,00NMSC236341 
:86:20170049727-IBT@31SDC915462@10236341/10236341 
:61:1711171117C15508,00NMSCLMNY16112017 
:86:20170049728-IBT@31SDC912701@LMNY16112017/LMNY16112017 
:61:1711171117C117500,00NMSCLBLN16112017 
:86:20170049729-IBT@87SDC911155@LBLN16112017/LBLN16112017 
:61:1711171117C94428,00NMSCLKDY16112017 
:86:20170049730-IBT@40SDC910482@LKDY16112017/LKDY16112017 
:61:1711171117C5385,00NMSC 
:86:20170049731-IBT@65SDC893183@P/N 010266404-P D LEONARD/P/N 010266404-P D LEONARD 
:61:1711171117C2676,00NMSC 
:86:20170049732-IBT@50SDC860574@PN- 030292215 - KUMAR R D/PN- 030292215 - KUMAR R D 
:61:1711201120D6450768,87NMSD065047 
:86:20170050117-IBT@204SDC501424@SWEEPING TO 701020065047/SWEEPING TO 701020065047 
:61:1711201120C32453,00NMSCLBDL20112017 
:86:20170050118-IBT@204SDC439453@LBDL20112017/LBDL20112017 
:61:1711201120C60000,00NMSCLCLS17112017 
:86:20170050119-IBT@DC127175@LCLS17112017/LCLS17112017 
:61:1711201120C4000,00NMSC 
:86:20170050120-IBT@DC130622@HNBA/HNBA 
:61:1711201120C39287,00NMSCLAMT17112017 
:86:20170050121-IBT@DC121888@LAMT17112017/LAMT17112017 
:61:1711201120C1146,00NMSC285596 
:86:20170050122-IBT@DC128145@71285596/71285596 
:61:1711201120C21706,00NMSC217429 
:86:20170050123-IBT@DC128035@68217429/68217429 
:61:1711201120C6564,00NMSC283606 
:86:20170050124-IBT@SDC113470@P/N 030283606/P/N 030283606 
:61:1711201120C11005,00NMSCLNUG17112017 
:86:20170050125-IBT@SDC427506@LNUG17112017/LNUG17112017 
:61:1711201120C108027,00NMSCLANP17112017 
:86:20170050126-IBT@SDC426176@LANP17112017/LANP17112017 
:61:1711201120C24120,00NMSCLAVS17112017 
:86:20170050127-IBT@SDC413430@LAVS17112017/LAVS17112017 
:61:1711201120C1500,00NMSCLANP17112017S 
:86:20170050128-IBT@SDC426109@LANP17112017S/LANP17112017S 
:61:1711201120C100000,00NMSCLBDL20112017 
:86:20170050129-IBT@SDC425164@LBDL20112017/LBDL20112017 
:61:1711201120C92000,00NMSCLBDL20112017 
:86:20170050130-IBT@SDC424810@LBDL20112017/LBDL20112017 
:61:1711201120C107987,00NMSCLHTN17112017 
:86:20170050131-IBT@DC117716@LHTN17112017/LHTN17112017 
:61:1711201120C124318,00NMSCLMHG10112017  - ERR RECTIFICATION ON 13-11-1 
:86:20170050132-IBT@DC119949@LMHG10112017  - ERR RECTIFICATION ON 13-11-1/LMHG10112017  - ERR RECTIFICATION ON 13-11-1 
:61:1711201120C5550,00NMSC112017 
:86:20170050133-IBT@DC119343@20112017/20112017 
:61:1711201120C10000,00NMSCLHRN17112017 
:86:20170050134-IBT@SDC421984@LHRN17112017/LHRN17112017 
:61:1711201120C29319,00NMSCLTSM17112017 
:86:20170050135-IBT@SDC421775@LTSM17112017/LTSM17112017 
:61:1711201120C14805,00NMSCLHDO17112017 
:86:20170050136-IBT@SDC421446@LHDO17112017/LHDO17112017 
:61:1711201120C5000,00NMSC 
:86:20170050137-IBT@SDC146930@P/N 010223947-LIYANAGE H L W/P/N 010223947-LIYANAGE H L W 
:61:1711201120C232416,00NMSCLMRG17112017 
:86:20170050138-IBT@SDC419725@LMRG17112017/LMRG17112017 
:61:1711201120C3000,00NMSCLMRG17112017S 
:86:20170050139-IBT@SDC419430@LMRG17112017S/LMRG17112017S 
:61:1711201120C10020,00NMSCLCLN17112017 
:86:20170050140-IBT@11SDC419309@LCLN17112017/LCLN17112017 
:61:1711201120C72131,00NMSCLKYP17112017 
:86:20170050141-IBT@SDC418635@LKYP17112017/LKYP17112017 
:61:1711201120C105,00NMSCLMHG17112017S 
:86:20170050142-IBT@SDC417725@LMHG17112017S/LMHG17112017S 
:61:1711201120C76619,00NMSCLMHG1711207 
:86:20170050143-IBT@SDC417516@LMHG1711207/LMHG1711207 
:61:1711201120C22030,00NMSCLBYG17112017 
:86:20170050144-IBT@SDC417032@LBYG17112017/LBYG17112017 
:61:1711201120C2000,00NMSCLKLT31112017S 
:86:20170050145-IBT@SDC416837@LKLT31112017S/LKLT31112017S 
:61:1711201120C700,00NMSCLKLT17112017S 
:86:20170050146-IBT@SDC416730@LKLT17112017S/LKLT17112017S 
:61:1711201120C123263,00NMSCLKLT17112017 
:86:20170050147-IBT@204SDC416619@LKLT17112017/LKLT17112017 
:61:1711201120C2188,00NMSC028661 
:86:20170050148-IBT@10SDC126571@P/N.010028661/P/N.010028661 
:61:1711201120C6083,00NMSC263190 
:86:20170050149-IBT@111SDC415686@00263190/7162/043/17-11-2017/00263190/7162/043/17-11-2017 
:61:1711201120C6474,00NMSC028514 
:86:20170050150-IBT@10SDC415686@00028514/7287/141/17-11-2017/00028514/7287/141/17-11-2017 
:61:1711201120C15595,00NMSC010198 
:86:20170050151-IBT@11SDC415338@00010198/7287/114/17-11-2017/00010198/7287/114/17-11-2017 
:61:1711201120C15090,00NMSC187885 
:86:20170050152-IBT@11SDC415338@00187885/7010/766/17-11-2017/00187885/7010/766/17-11-2017 
:61:1711201120C1407,00NMSC612353 
:86:20170050153-IBT@SDC415338@53612353/7135/137/17-11-2017/53612353/7135/137/17-11-2017 
:61:1711201120C3978,00NMSC115467 
:86:20170050154-IBT@SDC415338@53115467/7135/083/17-11-2017/53115467/7135/083/17-11-2017 
:61:1711201120C66954,00NMSCLKGL17112017 
:86:20170050155-IBT@SDC415387@LKGL17112017/LKGL17112017 
:61:1711201120C37000,00NMSC542633 
:86:20170050156-IBT@52SDC414908@00542633/7010/528/17-11-2017/00542633/7010/528/17-11-2017 
:61:1711201120C2570,00NMSC074234 
:86:20170050157-IBT@90SDC414908@00074234/7302/023/17-11-2017/00074234/7302/023/17-11-2017 
:61:1711201120C45658,00NMSC687650 
:86:20170050158-IBT@701SDC414908@00687650/7214/011/17-11-2017/00687650/7214/011/17-11-2017 
:61:1711201120C1239,00NMSC550584 
:86:20170050159-IBT@SDC414508@00550584/7056/018/17-11-2017/00550584/7056/018/17-11-2017 
:61:1711201120C101552,00NMSC042588 
:86:20170050160-IBT@53SDC414508@00042588/7162/050/17-11-2017/00042588/7162/050/17-11-2017 
:61:1711201120C4772,00NMSC018850 
:86:20170050161-IBT@53SDC414508@00018850/7214/032/17-11-2017/00018850/7214/032/17-11-2017 
:61:1711201120C1081,00NMSC130361 
:86:20170050162-IBT@247SDC414508@53130361/7135/015/17-11-2017/53130361/7135/015/17-11-2017 
:61:1711201120C3050,00NMSC087304 
:86:20170050163-IBT@74SDC414508@53087304/7135/181/17-11-2017/53087304/7135/181/17-11-2017 
:61:1711201120C1813,00NMSC220578 
:86:20170050164-IBT@64SDC414508@00220578/7010/416/17-11-2017/00220578/7010/416/17-11-2017 
:61:1711201120C15314,00NMSC131151 
:86:20170050165-IBT@64SDC414508@00131151/7454/034/17-11-2017/00131151/7454/034/17-11-2017 
:61:1711201120C134576,00NMSC857156 
:86:20170050166-IBT@156SDC414508@00857156/7214/048/17-11-2017/00857156/7214/048/17-11-2017 
:61:1711201120C39305,00NMSC100595 
:86:20170050167-IBT@34SDC414508@00100595/7287/108/17-11-2017/00100595/7287/108/17-11-2017 
:61:1711201120C9252,00NMSC545171 
:86:20170050168-IBT@34SDC414508@00545171/7056/197/17-11-2017/00545171/7056/197/17-11-2017 
:61:1711201120C3000,00NMSC166113 
:86:20170050169-IBT@34SDC414508@53166113/7135/045/17-11-2017/53166113/7135/045/17-11-2017 
:61:1711201120C10600,00NMSC581908 
:86:20170050170-IBT@SDC414508@00581908/7287/010/17-11-2017/00581908/7287/010/17-11-2017 
:61:1711201120C146928,00NMSC013357 
:86:20170050171-IBT@SDC414508@92013357/7056/206/17-11-2017/92013357/7056/206/17-11-2017 
:61:1711201120C7285,00NMSC238364 
:86:20170050172-IBT@SDC414128@00238364/7010/016/17-11-2017/00238364/7010/016/17-11-2017 
:61:1711201120C33000,00NMSC529568 
:86:20170050173-IBT@SDC414128@00529568/7287/088/17-11-2017/00529568/7287/088/17-11-2017 
:61:1711201120C23756,00NMSC540966 
:86:20170050174-IBT@SDC414128@00540966/7287/090/17-11-2017/00540966/7287/090/17-11-2017 
:61:1711201120C3060,00NMSC019991 
:86:20170050175-IBT@SDC414128@53019991/7135/192/17-11-2017/53019991/7135/192/17-11-2017 
:61:1711201120C3959,00NMSC412475 
:86:20170050176-IBT@SDC414128@51412475/7135/235/17-11-2017/51412475/7135/235/17-11-2017 
:61:1711201120C14000,00NMSC058574 
:86:20170050177-IBT@41SDC414128@00058574/7056/158/17-11-2017/00058574/7056/158/17-11-2017 
:61:1711201120C10000,00NMSC058778 
:86:20170050178-IBT@SDC414128@00058778/7287/095/17-11-2017/00058778/7287/095/17-11-2017 
:61:1711201120C1235,00NMSC125239 
:86:20170050179-IBT@SDC414128@00125239/7010/005/17-11-2017/00125239/7010/005/17-11-2017 
:61:1711201120C6219,00NMSC831305 
:86:20170050180-IBT@SDC414128@00831305/7056/115/17-11-2017/00831305/7056/115/17-11-2017 
:61:1711201120C2191,00NMSC074858 
:86:20170050181-IBT@SDC414128@53074858/7135/136/17-11-2017/53074858/7135/136/17-11-2017 
:61:1711201120C5000,00NMSC277460 
:86:20170050182-IBT@SDC414128@00277460/7056/028/17-11-2017/00277460/7056/028/17-11-2017 
:61:1711201120C19760,00NMSC535321 
:86:20170050183-IBT@SDC414128@00535321/7056/027/17-11-2017/00535321/7056/027/17-11-2017 
:61:1711201120C10060,00NMSC153805 
:86:20170050184-IBT@SDC414128@53153805/7135/169/17-11-2017/53153805/7135/169/17-11-2017 
:61:1711201120C5650,00NMSC094465 
:86:20170050185-IBT@SDC414128@53094465/7135/131/17-11-2017/53094465/7135/131/17-11-2017 
:61:1711201120C4376,00NMSC303532 
:86:20170050186-IBT@SDC414128@00303532/7010/596/17-11-2017/00303532/7010/596/17-11-2017 
:61:1711201120C2200,00NMSC036422 
:86:20170050187-IBT@SDC414128@53036422/7135/325/17-11-2017/53036422/7135/325/17-11-2017 
:61:1711201120C27085,00NMSC013388 
:86:20170050188-IBT@SDC414128@00013388/7056/003/17-11-2017/00013388/7056/003/17-11-2017 
:61:1711201120C2745,00NMSC079623 
:86:20170050189-IBT@SDC413681@53079623/7135/022/17-11-2017/53079623/7135/022/17-11-2017 
:61:1711201120C2745,00NMSC079625 
:86:20170050190-IBT@SDC413681@53079625/7135/022/17-11-2017/53079625/7135/022/17-11-2017 
:61:1711201120C14933,00NMSC051963 
:86:20170050191-IBT@SDC413681@00051963/7010/329/17-11-2017/00051963/7010/329/17-11-2017 
:61:1711201120C12048,00NMSC429929 
:86:20170050192-IBT@SDC412650@00429929/7056/069/17-11-2017/00429929/7056/069/17-11-2017 
:61:1711201120C6570,00NMSC020009 
:86:20170050193-IBT@SDC412650@00020009/7162/009/17-11-2017/00020009/7162/009/17-11-2017 
:61:1711201120C11889,00NMSC292948 
:86:20170050194-IBT@SDC412650@00292948/7454/021/17-11-2017/00292948/7454/021/17-11-2017 
:61:1711201120C10226,00NMSC370201 
:86:20170050195-IBT@SDC412650@00370201/7010/527/17-11-2017/00370201/7010/527/17-11-2017 
:61:1711201120C21655,00NMSC559912 
:86:20170050196-IBT@SDC412650@00559912/7287/010/17-11-2017/00559912/7287/010/17-11-2017 
:61:1711201120C527,00NMSC078712 
:86:20170050197-IBT@SDC412650@53078712/7135/126/17-11-2017/53078712/7135/126/17-11-2017 
:61:1711201120C5500,00NMSC154830 
:86:20170050198-IBT@SDC412650@00154830/7056/018/17-11-2017/00154830/7056/018/17-11-2017 
:61:1711201120C7000,00NMSC182724 
:86:20170050199-IBT@SDC412650@00182724/7162/040/17-11-2017/00182724/7162/040/17-11-2017 
:61:1711201120C2193,00NMSC637148 
:86:20170050200-IBT@SDC412650@53637148/7135/306/17-11-2017/53637148/7135/306/17-11-2017 
:61:1711201120C81971,00NMSCLKRG17112017 
:86:20170050201-IBT@DC105102@LKRG17112017/LKRG17112017 
:61:1711201120C235000,00NMSCLBLN20112017 
:86:20170050202-IBT@SDC412169@LBLN20112017/LBLN20112017 
:61:1711201120C82722,00NMSCLKBD17122017 
:86:20170050203-IBT@SDC411453@LKBD17122017/LKBD17122017 
:61:1711201120D100,00NMSD 
:86:20170050204-IBT@SDC409704@CHQ RTN-COMM/CHQ RTN-COMM 
:61:1711201120D11500,00NMSD 
:86:20170050205-IBT@SDC409407@233830:REFER TO DRAWER/233830:REFER TO DRAWER 
:61:1711201120C11500,00NMSC 
:86:20170050206-IBT@SDC409407@233830:OUTWARD CLEARING ZONE-5/233830:OUTWARD CLEARING ZONE-5 
:61:1711201120C3000,00NMSCLKLH17112017S 
:86:20170050207-IBT@SDC408438@LKLH17112017S/LKLH17112017S 
:61:1711201120C64949,00NMSCLKLH17112017 
:86:20170050208-IBT@SDC408318@LKLH17112017/LKLH17112017 
:61:1711201120C140744,00NMSCLHRN17112017 
:86:20170050209-IBT@SDC408276@LHRN17112017/LHRN17112017 
:61:1711201120C9692,00NMSCLPND17112017S 
:86:20170050210-IBT@SDC407750@LPND17112017S/LPND17112017S 
:61:1711201120C110646,00NMSCLPND17112017 
:86:20170050211-IBT@SDC407649@LPND17112017/LPND17112017 
:61:1711201120C61970,00NMSCLHTN17112017 
:86:20170050212-IBT@SDC407142@LHTN17112017/LHTN17112017 
:61:1711201120C700,00NMSCLDBL17112017S 
:86:20170050213-IBT@SDC406201@LDBL17112017S/LDBL17112017S 
:61:1711201120C61358,00NMSCLDBL17112017 
:86:20170050214-IBT@SDC406091@LDBL17112017/LDBL17112017 
:61:1711201120C44730,00NMSCLBDW17112017 
:86:20170050215-IBT@SDC404309@LBDW17112017/LBDW17112017 
:61:1711201120C63931,00NMSCLNWE17112017 
:86:20170050216-IBT@SDC404116@LNWE17112017/LNWE17112017 
:61:1711201120C1400,00NMSCLNWE171120173 
:86:20170050217-IBT@SDC403958@LNWE171120173/LNWE171120173 
:61:1711201120C1500,00NMSCLKWE171120175 
:86:20170050218-IBT@SDC403667@LKWE171120175/LKWE171120175 
:61:1711201120C48191,00NMSCLKWE17112017 
:86:20170050219-IBT@SDC403590@LKWE17112017/LKWE17112017 
:61:1711201120C65280,00NMSCLJLA17112017 
:86:20170050220-IBT@SDC402472@LJLA17112017/LJLA17112017 
:61:1711201120C128641,00NMSCLAPR17112017 
:86:20170050221-IBT@SDC401889@LAPR17112017/LAPR17112017 
:61:1711201120C500648,00NMSC 
:86:20170050222-IBT@DC83339@2017GLE01133/2017GLE01133 
:61:1711201120C12050,00NMSCLMYN17112017 
:86:20170050223-IBT@SDC401609@LMYN17112017/LMYN17112017 
:61:1711201120C2900,00NMSC301410 
:86:20170050224-IBT@71SDC397077@10301410/10301410 
:61:1711201120C395566,00NMSCLNGB17112017 
:86:20170050225-IBT@56SDC396469@LNGB17112017/LNGB17112017 
:61:1711201120C2500,00NMSCLNGB172017S 
:86:20170050226-IBT@SDC396393@LNGB172017S/LNGB172017S 
:61:1711201120C128153,00NMSCLCLS17112017 
:86:20170050227-IBT@SDC396328@LCLS17112017/LCLS17112017 
:61:1711201120C750,00NMSCLCLS17112017S 
:86:20170050228-IBT@SDC396154@LCLS17112017S/LCLS17112017S 
:61:1711201120C17670,00NMSCLMTL17112017 
:86:20170050229-IBT@195SDC394612@LMTL17112017/LMTL17112017 
:61:1711201120C1500,00NMSCLAMT17112017S 
:86:20170050230-IBT@195SDC393315@LAMT17112017S/LAMT17112017S 
:61:1711201120C49605,00NMSCLAMT17112017 
:86:20170050231-IBT@52SDC392792@LAMT17112017/LAMT17112017 
:61:1711201120C80132,00NMSCLMTG17112017 
:86:20170050232-IBT@69SDC391680@LMTG17112017/LMTG17112017 
:61:1711201120C750,00NMSCLTRC17112017S 
:86:20170050233-IBT@69SDC390591@LTRC17112017S/LTRC17112017S 
:61:1711201120C750,00NMSCLNIT17112017 
:86:20170050234-IBT@15SDC390570@LNIT17112017/LNIT17112017 
:61:1711201120C35876,00NMSCLTRC17112017 
:86:20170050235-IBT@48SDC390517@LTRC17112017/LTRC17112017 
:61:1711201120C4488,00NMSCLNIT17112017 
:86:20170050236-IBT@48SDC390424@LNIT17112017/LNIT17112017 
:61:1711201120C113791,00NMSCLEMB17112017 
:86:20170050237-IBT@12SDC390135@LEMB17112017/LEMB17112017 
:61:1711201120C6500,00NMSCLGMP17112017S 
:86:20170050238-IBT@28SDC387584@LGMP17112017S/LGMP17112017S 
:61:1711201120C44755,00NMSCLGMP17112017 
:86:20170050239-IBT@28SDC387376@LGMP17112017/LGMP17112017 
:61:1711201120C18335,87NMSCLKRG17112017S 
:86:20170050240-IBT@84SDC387258@LKRG17112017S/LKRG17112017S 
:61:1711201120C213544,00NMSCLKRG17112017 
:86:20170050241-IBT@84SDC387150@LKRG17112017/LKRG17112017 
:61:1711201120C3124,00NMSC301305 
:86:20170050242-IBT@87SDC386751@10301305/10301305 
:61:1711201120C18150,00NMSCLPNW17112017 
:86:20170050243-IBT@58SDC386469@LPNW17112017/LPNW17112017 
:61:1711201120C250,00NMSCLBTC17112017S 
:86:20170050244-IBT@SDC385173@LBTC17112017S/LBTC17112017S 
:61:1711201120C19660,00NMSCLBTC17112017 
:86:20170050245-IBT@124SDC385090@LBTC17112017/LBTC17112017 
:61:1711201120C88929,00NMSCLCHW17112017 
:86:20170050246-IBT@81SDC384699@LCHW17112017/LCHW17112017 
:61:1711201120C238522,00NMSCLMAT17112017 
:86:20170050247-IBT@145SDC384539@LMAT17112017/LMAT17112017 
:61:1711201120C18400,00NMSCLMLV17112017 
:86:20170050248-IBT@145SDC384021@LMLV17112017/LMLV17112017 
:61:1711201120C5000,00NMSCLWTL17112017 
:86:20170050249-IBT@92SDC383923@LWTL17112017/LWTL17112017 
:61:1711201120C40040,00NMSCLDNY17112017 
:86:20170050250-IBT@92SDC381555@LDNY17112017/LDNY17112017 
:61:1711201120C27600,00NMSCLVNY17112017 
:86:20170050251-IBT@65SDC379139@LVNY17112017/LVNY17112017 
:61:1711201120C4450,00NMSCLVNY17112017S 
:86:20170050252-IBT@45SDC379042@LVNY17112017S/LVNY17112017S 
:61:1711201120C115317,00NMSCLGLE17112017 
:86:20170050253-IBT@45SDC378081@LGLE17112017/LGLE17112017 
:61:1711201120C38800,00NMSCLBLN17112017 
:86:20170050254-IBT@125SDC377100@LBLN17112017/LBLN17112017 
:61:1711201120C11283,00NMSCLNLY17112017 
:86:20170050255-IBT@31SDC376508@LNLY17112017/LNLY17112017 
:61:1711201120C100,00NMSCLNLY17112017 
:86:20170050256-IBT@25SDC376230@LNLY17112017/LNLY17112017 
:61:1711201120C2660,00NMSC292806 
:86:20170050257-IBT@31SDC375513@10292806/10292806 
:61:1711201120C37860,00NMSCLMNR17112017 
:86:20170050258-IBT@25SDC375278@LMNR17112017/LMNR17112017 
:61:1711201120C77877,00NMSCLKDY16112017 
:86:20170050259-IBT@50SDC375174@LKDY16112017/LKDY16112017 
:61:1711201120C19000,00NMSCLKDY17112017S 
:86:20170050260-IBT@51SDC375117@LKDY17112017S/LKDY17112017S 
:61:1711201120C15536,00NMSCLMNY17112017 
:86:20170050261-IBT@51SDC374737@LMNY17112017/LMNY17112017 
:61:1711201120C6500,00NMSCLKLN17112017 
:86:20170050262-IBT@224SDC374353@LKLN17112017/LKLN17112017 
:61:1711201120C2482,00NMSCLJAF17112017 
:86:20170050263-IBT@224SDC372179@LJAF17112017/LJAF17112017 
:61:1711201120C5000,00NMSCLJAF17112017S 
:86:20170050264-IBT@14SDC372107@LJAF17112017S/LJAF17112017S 
:61:1711201120C4500,00NMSCLJAF18112017 
:86:20170050265-IBT@44SDC372025@LJAF18112017/LJAF18112017 
:61:1711201120C44844,00NMSCLAGD17112017 
:86:20170050266-IBT@57SDC370518@LAGD17112017/LAGD17112017 
:61:1711201120C75030,00NMSCLPLN17112017 
:86:20170050267-IBT@57SDC370129@LPLN17112017/LPLN17112017 
:61:1711201120C2710,00NMSCLPLN17112017S 
:86:20170050268-IBT@40SDC370043@LPLN17112017S/LPLN17112017S 
:61:1711201120C650,00NMSCLVLC16112017 
:86:20170050269-IBT@42SDC368993@LVLC16112017/LVLC16112017 
:61:1711201120C153740,00NMSCLRTN17112017 
:86:20170050270-IBT@61SDC368619@LRTN17112017/LRTN17112017 
:61:1711201120C108705,00NMSCLPTM17112017 
:86:20170050271-IBT@35SDC366972@LPTM17112017/LPTM17112017 
:61:1711201120C4000,00NMSC 
:86:20170050272-IBT@120SDC147064@P/N HN-IL-29365-AMT GANNORUWA G K T L/P/N HN-IL-29365-AMT GANNORUWA G K T L 
:61:1711201120C1000,00NMSC037690 
:86:20170050273-IBT@32SDC146874@P/N 010037690/P/N 010037690 
:61:1711201120C5000,00NMSC268329 
:86:20170050274-IBT@32SDC139603@P/N 030268329/P/N 030268329 
:61:1711201120C5096,00NMSC012698 
:86:20170050275-IBT@13SDC131324@010126986 S VISHVADAUSHANI/010126986 S VISHVADAUSHANI 
:61:1711201120C2539,00NMSC182201 
:86:20170050276-IBT@71SDC131134@PN-010182201/PN-010182201 
:61:1711201120C2822,00NMSC203041 
:86:20170050277-IBT@118SDC129650@P/N. 010203041/P/N. 010203041 
:61:1711201120C3255,00NMSC209024 
:86:20170050278-IBT@118SDC128144@P/N 10209024/P/N 10209024 
:61:1711201120C1070,00NMSC075279 
:86:20170050279-IBT@68SDC126073@VITHUSHA GOBIKRISHNA POLICY NO:010075279/VITHUSHA GOBIKRISHNA POLICY NO:010075279 
:61:1711201120C2835,00NMSC263208 
:86:20170050280-IBT@20SDC112921@PN-010263208/PN-010263208 
:61:1711201120C3202,00NMSC 
:86:20170050281-IBT@223SDC103820@P/N 030307782 - UDAYNGA S H D/P/N 030307782 - UDAYNGA S H D 
:61:1711201120C2000,00NMSC116366 
:86:20170050282-IBT@223SDC103172@10116366/10116366 
:61:1711201120C680,00NMSC 
:86:20170050283-IBT@150SDC102973@2004-ILP-P2-ANP-142/2004-ILP-P2-ANP-142 
:61:1711201120C100545,00NMSC191544 
:86:20170050284-IBT@91SDC101068@P/N. 030191544/P/N. 030191544 
:61:1711211121D8528718,00NMSD065047 
:86:20170051676-IBT@SDC717116@SWEEPING TO 701020065047/SWEEPING TO 701020065047 
:61:1711211121C19190,00NMSCLBDL21112017 
:86:20170051677-IBT@SDC664404@LBDL21112017/LBDL21112017 
:61:1711211121C1000000,00NMSC079107 
:86:20170051678-IBT@SDC662741@TRF CHQ/        46079107/TRF CHQ/        46079107 
:61:1711211121D1000000,00NMSD079107 
:86:20170051679-IBT@SDC662741@CHQ RTND        46079107/CHQ RTND        46079107 
:61:1711211121C51814,00NMSCLDBL20112017 
:86:20170051680-IBT@SDC646177@LDBL20112017/LDBL20112017 
:61:1711211121C10671,00NMSCLGMP20112017 
:86:20170051681-IBT@DC100876@LGMP20112017/LGMP20112017 
:61:1711211121C41820,00NMSC112017 
:86:20170051682-IBT@SDC659302@20112017/20112017 
:61:1711211121C1000,00NMSC112017 
:86:20170051683-IBT@SDC659240@20112017S/20112017S 
:61:1711211121C506472,00NMSC034791 
:86:20170051684-IBT@DC109174@46034791/46034791 
:61:1711211121C200668,00NMSC381169 
:86:20170051685-IBT@DC109232@17381169/17381169 
:61:1711211121C20468,00NMSCLAMT20112017 
:86:20170051686-IBT@DC97995@LAMT20112017/LAMT20112017 
:61:1711211121C20300,00NMSC217510 
:86:20170051687-IBT@DC104419@217510/217510 
:61:1711211121C26430,00NMSCLAPR20112017 
:86:20170051688-IBT@DC90379@LAPR20112017/LAPR20112017 
:61:1711211121C48142,00NMSCLHD020112017 
:86:20170051689-IBT@SDC645164@LHD020112017/LHD020112017 
:61:1711211121C5075,00NMSC 
:86:20170051690-IBT@SDC653180@IW SLIPS/701010008829-General Fund Tr-UV WAS/IW SLIPS/701010008829-General Fund Tr-UV WAS 
:61:1711211121C4418,00NMSC918444 
:86:20170051691-IBT@DC90420@63918444/63918444 
:61:1711211121C124960,00NMSCLTSM20112017 
:86:20170051692-IBT@SDC650453@LTSM20112017/LTSM20112017 
:61:1711211121C750,00NMSCLTSM20112017S 
:86:20170051693-IBT@SDC650310@LTSM20112017S/LTSM20112017S 
:61:1711211121C2070,00NMSC950072 
:86:20170051694-IBT@DC102076@45950072/45950072 
:61:1711211121C3280,00NMSC669112 
:86:20170051695-IBT@DC101951@41669112/41669112 
:61:1711211121C1722,00NMSC582835 
:86:20170051696-IBT@SDC647691@00582835/7056/060/18-11-2017/00582835/7056/060/18-11-2017 
:61:1711211121C3957,00NMSC076252 
:86:20170051697-IBT@SDC647691@00076252/7010/722/18-11-2017/00076252/7010/722/18-11-2017 
:61:1711211121C5443,00NMSC036035 
:86:20170051698-IBT@SDC647691@00036035/7010/711/18-11-2017/00036035/7010/711/18-11-2017 
:61:1711211121C5606,00NMSC080423 
:86:20170051699-IBT@SDC647691@53080423/7135/200/18-11-2017/53080423/7135/200/18-11-2017 
:61:1711211121C4647,00NMSC120919 
:86:20170051700-IBT@SDC647691@53120919/7135/076/18-11-2017/53120919/7135/076/18-11-2017 
:61:1711211121C4647,00NMSC120918 
:86:20170051701-IBT@SDC647691@53120918/7135/076/18-11-2017/53120918/7135/076/18-11-2017 
:61:1711211121C2371,00NMSC124913 
:86:20170051702-IBT@SDC647267@53124913/7135/029/18-11-2017/53124913/7135/029/18-11-2017 
:61:1711211121C18004,00NMSC037475 
:86:20170051703-IBT@SDC647267@00037475/7056/152/18-11-2017/00037475/7056/152/18-11-2017 
:61:1711211121C32250,00NMSC012683 
:86:20170051704-IBT@SDC647267@00012683/7010/407/18-11-2017/00012683/7010/407/18-11-2017 
:61:1711211121C5000,00NMSC589994 
:86:20170051705-IBT@SDC646840@00589994/7278/008/18-11-2017/00589994/7278/008/18-11-2017 
:61:1711211121C123570,00NMSC220020 
:86:20170051706-IBT@SDC646840@00220020/7278/076/18-11-2017/00220020/7278/076/18-11-2017 
:61:1711211121C5500,00NMSC589986 
:86:20170051707-IBT@SDC646840@00589986/7278/008/18-11-2017/00589986/7278/008/18-11-2017 
:61:1711211121C1004,00NMSC131274 
:86:20170051708-IBT@SDC646840@53131274/7135/009/18-11-2017/53131274/7135/009/18-11-2017 
:61:1711211121C1006,00NMSC131273 
:86:20170051709-IBT@SDC646840@53131273/7135/009/18-11-2017/53131273/7135/009/18-11-2017 
:61:1711211121C2500,00NMSC491071 
:86:20170051710-IBT@SDC646840@00491071/7010/565/18-11-2017/00491071/7010/565/18-11-2017 
:61:1711211121C545849,00NMSC952379 
:86:20170051711-IBT@SDC646431@00952379/7056/041/18-11-2017/00952379/7056/041/18-11-2017 
:61:1711211121C3272,00NMSC816931 
:86:20170051712-IBT@SDC646431@00816931/7287/005/18-11-2017/00816931/7287/005/18-11-2017 
:61:1711211121C2212,00NMSC731009 
:86:20170051713-IBT@SDC646431@00731009/7287/041/18-11-2017/00731009/7287/041/18-11-2017 
:61:1711211121C2405,00NMSC106373 
:86:20170051714-IBT@SDC646431@00106373/7135/262/18-11-2017/00106373/7135/262/18-11-2017 
:61:1711211121C2433,00NMSC106373 
:86:20170051715-IBT@SDC646431@00106373/7135/262/18-11-2017/00106373/7135/262/18-11-2017 
:61:1711211121C2742,00NMSC062186 
:86:20170051716-IBT@SDC646431@53062186/7135/145/18-11-2017/53062186/7135/145/18-11-2017 
:61:1711211121C3300,00NMSC275318 
:86:20170051717-IBT@SDC646431@53275318/7135/103/18-11-2017/53275318/7135/103/18-11-2017 
:61:1711211121C5118,00NMSC042318 
:86:20170051718-IBT@SDC646431@00042318/7010/557/18-11-2017/00042318/7010/557/18-11-2017 
:61:1711211121C2545,00NMSC042319 
:86:20170051719-IBT@SDC646431@00042319/7010/557/18-11-2017/00042319/7010/557/18-11-2017 
:61:1711211121C5831,00NMSC042317 
:86:20170051720-IBT@SDC646431@00042317/7010/557/18-11-2017/00042317/7010/557/18-11-2017 
:61:1711211121C54300,00NMSC009948 
:86:20170051721-IBT@SDC646431@00009948/7010/813/18-11-2017/00009948/7010/813/18-11-2017 
:61:1711211121C16290,00NMSC292114 
:86:20170051722-IBT@SDC646431@00292114/7010/660/18-11-2017/00292114/7010/660/18-11-2017 
:61:1711211121C11020,00NMSC193812 
:86:20170051723-IBT@SDC646431@53193812/7135/091/18-11-2017/53193812/7135/091/18-11-2017 
:61:1711211121C5000,00NMSC077764 
:86:20170051724-IBT@SDC646431@53077764/7135/145/18-11-2017/53077764/7135/145/18-11-2017 
:61:1711211121C61500,00NMSC021631 
:86:20170051725-IBT@SDC646431@53021631/7135/015/18-11-2017/53021631/7135/015/18-11-2017 
:61:1711211121C61500,00NMSC327461 
:86:20170051726-IBT@SDC646431@00327461/7287/091/18-11-2017/00327461/7287/091/18-11-2017 
:61:1711211121C15000,00NMSC549501 
:86:20170051727-IBT@SDC646431@00549501/7311/059/18-11-2017/00549501/7311/059/18-11-2017 
:61:1711211121C3066,00NMSC733368 
:86:20170051728-IBT@SDC646431@00733368/7056/085/18-11-2017/00733368/7056/085/18-11-2017 
:61:1711211121C5500,00NMSC768620 
:86:20170051729-IBT@SDC646431@00768620/7311/069/18-11-2017/00768620/7311/069/18-11-2017 
:61:1711211121C10268,00NMSC009117 
:86:20170051730-IBT@SDC646431@53009117/7135/278/18-11-2017/53009117/7135/278/18-11-2017 
:61:1711211121C44000,00NMSC437383 
:86:20170051731-IBT@SDC645995@00437383/7278/026/18-11-2017/00437383/7278/026/18-11-2017 
:61:1711211121C2318,00NMSC948764 
:86:20170051732-IBT@SDC645995@00948764/7056/043/18-11-2017/00948764/7056/043/18-11-2017 
:61:1711211121C6950,00NMSC132307 
:86:20170051733-IBT@SDC645995@00132307/7214/073/18-11-2017/00132307/7214/073/18-11-2017 
:61:1711211121C1533,00NMSC097388 
:86:20170051734-IBT@SDC645995@53097388/7135/121/18-11-2017/53097388/7135/121/18-11-2017 
:61:1711211121C2200,00NMSC078127 
:86:20170051735-IBT@SDC645995@53078127/7135/129/18-11-2017/53078127/7135/129/18-11-2017 
:61:1711211121C132910,00NMSCLPTM20112017 
:86:20170051736-IBT@SDC638375@LPTM20112017/LPTM20112017 
:61:1711211121C2120,00NMSC292113 
:86:20170051737-IBT@SDC644850@00292113/7010/660/18-11-2017/00292113/7010/660/18-11-2017 
:61:1711211121C7863,00NMSC034620 
:86:20170051738-IBT@SDC644850@00034620/7278/141/18-11-2017/00034620/7278/141/18-11-2017 
:61:1711211121C9853,00NMSC058677 
:86:20170051739-IBT@SDC644850@00058677/7278/072/18-11-2017/00058677/7278/072/18-11-2017 
:61:1711211121C10000,00NMSC146866 
:86:20170051740-IBT@SDC644850@00146866/7214/051/18-11-2017/00146866/7214/051/18-11-2017 
:61:1711211121C1400,00NMSC967370 
:86:20170051741-IBT@SDC644850@96967370/7056/080/18-11-2017/96967370/7056/080/18-11-2017 
:61:1711211121C1323,00NMSC283486 
:86:20170051742-IBT@SDC644850@00283486/7135/010/18-11-2017/00283486/7135/010/18-11-2017 
:61:1711211121C2175,00NMSC283481 
:86:20170051743-IBT@SDC644850@53283481/7135/010/18-11-2017/53283481/7135/010/18-11-2017 
:61:1711211121C1074,00NMSC283479 
:86:20170051744-IBT@SDC644850@52283479/7135/010/18-11-2017/52283479/7135/010/18-11-2017 
:61:1711211121C1149,00NMSC283497 
:86:20170051745-IBT@SDC644850@00283497/7135/010/18-11-2017/00283497/7135/010/18-11-2017 
:61:1711211121C2149,00NMSC043027 
:86:20170051746-IBT@SDC644850@53043027/7135/059/18-11-2017/53043027/7135/059/18-11-2017 
:61:1711211121C2315,00NMSC047314 
:86:20170051747-IBT@SDC644850@00047314/7135/043/18-11-2017/00047314/7135/043/18-11-2017 
:61:1711211121C2149,00NMSC076484 
:86:20170051748-IBT@SDC644850@00076484/7135/257/18-11-2017/00076484/7135/257/18-11-2017 
:61:1711211121C2149,00NMSC076483 
:86:20170051749-IBT@SDC644850@00076483/7135/257/18-11-2017/00076483/7135/257/18-11-2017 
:61:1711211121C2149,00NMSC076482 
:86:20170051750-IBT@SDC644850@00076482/7135/257/18-11-2017/00076482/7135/257/18-11-2017 
:61:1711211121C8356,00NMSC146035 
:86:20170051751-IBT@SDC644850@00146035/7010/320/18-11-2017/00146035/7010/320/18-11-2017 
:61:1711211121C10500,00NMSC657789 
:86:20170051752-IBT@SDC644850@00657789/7214/014/18-11-2017/00657789/7214/014/18-11-2017 
:61:1711211121C10716,00NMSC889056 
:86:20170051753-IBT@SDC644850@00889056/7056/012/18-11-2017/00889056/7056/012/18-11-2017 
:61:1711211121C100740,00NMSC080361 
:86:20170051754-IBT@SDC644850@00080361/7278/002/18-11-2017/00080361/7278/002/18-11-2017 
:61:1711211121C100740,00NMSC080359 
:86:20170051755-IBT@SDC644850@00080359/7278/002/18-11-2017/00080359/7278/002/18-11-2017 
:61:1711211121C4728,00NMSC453832 
:86:20170051756-IBT@SDC644246@00453832/7056/121/18-11-2017/00453832/7056/121/18-11-2017 
:61:1711211121C6597,00NMSC 
:86:20170051757-IBT@DC88669@./. 
:61:1711211121C28992,00NMSCLAVS20112017 
:86:20170051758-IBT@SDC642539@LAVS20112017/LAVS20112017 
:61:1711211121C1475,00NMSCLNIT20112017 
:86:20170051759-IBT@SDC643626@LNIT20112017/LNIT20112017 
:61:1711211121C5000,00NMSC 
:86:20170051760-IBT@11SDC643594@2017GPL00499/2017GPL00499 
:61:1711211121C2515,00NMSCLNIT201120175 
:86:20170051761-IBT@SDC643462@LNIT201120175/LNIT201120175 
:61:1711211121C210,00NMSCLBYG20112017 
:86:20170051762-IBT@SDC643371@LBYG20112017/LBYG20112017 
:61:1711211121C150880,00NMSCLKLH20112017 
:86:20170051763-IBT@48DC94230@LKLH20112017/LKLH20112017 
:61:1711211121C13485,00NMSCLBYG20112017 
:86:20170051764-IBT@SDC643286@LBYG20112017/LBYG20112017 
:61:1711211121C6000,00NMSC085220 
:86:20170051765-IBT@10SDC642395@00085220/7162/008/18-11-2017/00085220/7162/008/18-11-2017 
:61:1711211121C11600,00NMSC599065 
:86:20170051766-IBT@10SDC642395@00599065/7278/008/18-11-2017/00599065/7278/008/18-11-2017 
:61:1711211121C50000,00NMSC697939 
:86:20170051767-IBT@SDC642395@00697939/7278/027/18-11-2017/00697939/7278/027/18-11-2017 
:61:1711211121C100000,00NMSC732402 
:86:20170051768-IBT@SDC642395@00732402/7056/031/18-11-2017/00732402/7056/031/18-11-2017 
:61:1711211121C5560,00NMSC521218 
:86:20170051769-IBT@SDC642395@00521218/7056/059/18-11-2017/00521218/7056/059/18-11-2017 
:61:1711211121C5575,00NMSC543282 
:86:20170051770-IBT@SDC642395@00543282/7056/005/18-11-2017/00543282/7056/005/18-11-2017 
:61:1711211121C2000,00NMSC593543 
:86:20170051771-IBT@SDC642395@00593543/7108/001/18-11-2017/00593543/7108/001/18-11-2017 
:61:1711211121C15000,00NMSC113903 
:86:20170051772-IBT@701SDC642395@00113903/7463/020/18-11-2017/00113903/7463/020/18-11-2017 
:61:1711211121C10000,00NMSC401627 
:86:20170051773-IBT@SDC642395@00401627/7010/004/18-11-2017/00401627/7010/004/18-11-2017 
:61:1711211121C6529,00NMSC177306 
:86:20170051774-IBT@SDC642395@12177306/7162/001/18-11-2017/12177306/7162/001/18-11-2017 
:61:1711211121C2609,00NMSC367681 
:86:20170051775-IBT@90SDC642395@53367681/7135/049/18-11-2017/53367681/7135/049/18-11-2017 
:61:1711211121C2500,00NMSC064385 
:86:20170051776-IBT@90SDC642395@00064385/7135/332/18-11-2017/00064385/7135/332/18-11-2017 
:61:1711211121C1500,00NMSC240169 
:86:20170051777-IBT@SDC642395@53240169/7135/041/18-11-2017/53240169/7135/041/18-11-2017 
:61:1711211121C1857,00NMSC541556 
:86:20170051778-IBT@SDC642395@00541556/7056/071/18-11-2017/00541556/7056/071/18-11-2017 
:61:1711211121C2200,00NMSC199654 
:86:20170051779-IBT@SDC642395@53199654/7135/068/18-11-2017/53199654/7135/068/18-11-2017 
:61:1711211121C10000,00NMSC028127 
:86:20170051780-IBT@SDC642395@00028127/7278/216/18-11-2017/00028127/7278/216/18-11-2017 
:61:1711211121C14573,00NMSC588736 
:86:20170051781-IBT@SDC642395@00588736/7454/004/18-11-2017/00588736/7454/004/18-11-2017 
:61:1711211121C2651,00NMSC241934 
:86:20170051782-IBT@SDC642395@00241934/7010/667/18-11-2017/00241934/7010/667/18-11-2017 
:61:1711211121C36297,00NMSC297860 
:86:20170051783-IBT@SDC642395@00297860/7056/075/18-11-2017/00297860/7056/075/18-11-2017 
:61:1711211121C225400,00NMSCLMRG20112017 
:86:20170051784-IBT@SDC642495@LMRG20112017/LMRG20112017 
:61:1711211121C13000,00NMSC146740 
:86:20170051785-IBT@SDC641833@53146740/7135/196/18-11-2017/53146740/7135/196/18-11-2017 
:61:1711211121C22628,00NMSC864003 
:86:20170051786-IBT@SDC641833@00864003/7056/119/18-11-2017/00864003/7056/119/18-11-2017 
:61:1711211121C9160,00NMSC144645 
:86:20170051787-IBT@SDC641377@00144645/7278/059/18-11-2017/00144645/7278/059/18-11-2017 
:61:1711211121C22326,00NMSCLKYP20112017 
:86:20170051788-IBT@SDC641116@LKYP20112017/LKYP20112017 
:61:1711211121C67142,00NMSCLKLH20112017 
:86:20170051789-IBT@SDC640294@LKLH20112017/LKLH20112017 
:61:1711211121C63086,00NMSCLHTN20112017 
:86:20170051790-IBT@SDC640120@LHTN20112017/LHTN20112017 
:61:1711211121D100,00NMSD 
:86:20170051791-IBT@SDC639223@CHQ RTN-COMM/CHQ RTN-COMM 
:61:1711211121C3500,00NMSC108327 
:86:20170051792-IBT@DC69880@42108327/42108327 
:61:1711211121C38818,00NMSCLAGD201120175 
:86:20170051793-IBT@SDC638741@LAGD201120175/LAGD201120175 
:61:1711211121D6300,00NMSD955169 
:86:20170051794-IBT@SDC638681@53955169:REFER TO DRAWER/53955169:REFER TO DRAWER 
:61:1711211121C6300,00NMSC955169 
:86:20170051795-IBT@SDC638681@53955169:OUTWARD CLEARING ZONE-16/53955169:OUTWARD CLEARING ZONE-16 
:61:1711211121C72700,00NMSCLAGD20112017 
:86:20170051796-IBT@SDC638641@LAGD20112017/LAGD20112017 
:61:1711211121C105,00NMSCLMHG20112017S 
:86:20170051797-IBT@SDC638516@LMHG20112017S/LMHG20112017S 
:61:1711211121C33988,00NMSCLMHG20112017 
:86:20170051798-IBT@SDC638419@LMHG20112017/LMHG20112017 
:61:1711211121C166073,00NMSCLKLT20112017 
:86:20170051799-IBT@SDC637584@LKLT20112017/LKLT20112017 
:61:1711211121C31933,00NMSCLBDW20112017 
:86:20170051800-IBT@SDC630980@LBDW20112017/LBDW20112017 
:61:1711211121C750,00NMSCLKWE20112017S 
:86:20170051801-IBT@SDC630909@LKWE20112017S/LKWE20112017S 
:61:1711211121C2250,00NMSCLBDW201120175 
:86:20170051802-IBT@SDC630874@LBDW201120175/LBDW201120175 
:61:1711211121C17832,00NMSCLKWE20112017 
:86:20170051803-IBT@SDC630747@LKWE20112017/LKWE20112017 
:61:1711211121C4450,00NMSCLAPR20112017S 
:86:20170051804-IBT@SDC630722@LAPR20112017S/LAPR20112017S 
:61:1711211121C26810,00NMSCLMYN20112017 
:86:20170051805-IBT@SDC630714@LMYN20112017/LMYN20112017 
:61:1711211121C216258,00NMSCLAPR20112017 
:86:20170051806-IBT@SDC630630@LAPR20112017/LAPR20112017 
:61:1711211121C38064,00NMSCLCLN20112017 
:86:20170051807-IBT@SDC629501@LCLN20112017/LCLN20112017 
:61:1711211121C2100,00NMSCLCLN20112017 
:86:20170051808-IBT@SDC629425@LCLN20112017/LCLN20112017 
:61:1711211121C939,00NMSCLJLA20112017S 
:86:20170051809-IBT@SDC628720@LJLA20112017S/LJLA20112017S 
:61:1711211121C34234,00NMSCLJLA20112017 
:86:20170051810-IBT@SDC628570@LJLA20112017/LJLA20112017 
:61:1711211121C10593,00NMSC057861 
:86:20170051811-IBT@SDC628536@10057861/10057861 
:61:1711211121C133860,00NMSCLNWE20112017 
:86:20170051812-IBT@SDC627568@LNWE20112017/LNWE20112017 
:61:1711211121C8908,00NMSCLMAT20112017 
:86:20170051813-IBT@DC78763@LMAT20112017/LMAT20112017 
:61:1711211121C26373,00NMSCLAMT20112017 
:86:20170051814-IBT@SDC627347@LAMT20112017/LAMT20112017 
:61:1711211121C7500,00NMSCLGPL20112017S 
:86:20170051815-IBT@SDC627129@LGPL20112017S/LGPL20112017S 
:61:1711211121C145979,00NMSCLKDY20112017 
:86:20170051816-IBT@SDC627120@LKDY20112017/LKDY20112017 
:61:1711211121C168177,00NMSCLGPL20112017 
:86:20170051817-IBT@SDC627056@LGPL20112017/LGPL20112017 
:61:1711211121C135000,00NMSCLCLS21112017 
:86:20170051818-IBT@DC78415@LCLS21112017/LCLS21112017 
:61:1711211121C5000,00NMSCLGMP20112017S 
:86:20170051819-IBT@83SDC625802@LGMP20112017S/LGMP20112017S 
:61:1711211121C64969,00NMSCLGMP20112017 
:86:20170051820-IBT@SDC625642@LGMP20112017/LGMP20112017 
:61:1711211121C70224,00NMSCLMLV20112017 
:86:20170051821-IBT@SDC625598@LMLV20112017/LMLV20112017 
:61:1711211121C7700,00NMSCLPND20112017S 
:86:20170051822-IBT@SDC623784@LPND20112017S/LPND20112017S 
:61:1711211121C154126,00NMSCLPND20112017 
:86:20170051823-IBT@SDC623642@LPND20112017/LPND20112017 
:61:1711211121C24060,00NMSCLMTL21112017 
:86:20170051824-IBT@SDC622906@LMTL21112017/LMTL21112017 
:61:1711211121C1013,00NMSC071078 
:86:20170051825-IBT@SDC621023@10071078/10071078 
:61:1711211121C1360,00NMSCLCHW20112017S 
:86:20170051826-IBT@SDC620578@LCHW20112017S/LCHW20112017S 
:61:1711211121C130429,00NMSCLCHW20112017 
:86:20170051827-IBT@SDC620403@LCHW20112017/LCHW20112017 
:61:1711211121C54256,00NMSCLKGL20112017 
:86:20170051828-IBT@SDC620243@LKGL20112017/LKGL20112017 
:61:1711211121C1820,00NMSCLNGB20112017 
:86:20170051829-IBT@SDC619967@LNGB20112017/LNGB20112017 
:61:1711211121C484388,00NMSCLNGB20112017 
:86:20170051830-IBT@SDC619926@LNGB20112017/LNGB20112017 
:61:1711211121C44920,00NMSCLDNY20112017 
:86:20170051831-IBT@SDC619794@LDNY20112017/LDNY20112017 
:61:1711211121C21551,00NMSC293558 
:86:20170051832-IBT@DC69974@46293558/46293558 
:61:1711211121C72524,00NMSCLMTG20112017 
:86:20170051833-IBT@SDC618195@LMTG20112017/LMTG20112017 
:61:1711211121C550,00NMSCLKBD20112017 
:86:20170051834-IBT@SDC618071@LKBD20112017/LKBD20112017 
:61:1711211121C91894,00NMSCLKBD20112017 
:86:20170051835-IBT@SDC617946@LKBD20112017/LKBD20112017 
:61:1711211121C52251,00NMSCLKLN20112017 
:86:20170051836-IBT@SDC616274@LKLN20112017/LKLN20112017 
:61:1711211121C146652,00NMSCLMAT20112017 
:86:20170051837-IBT@SDC615732@LMAT20112017/LMAT20112017 
:61:1711211121C47499,00NMSCLTRC20112017 
:86:20170051838-IBT@SDC615266@LTRC20112017/LTRC20112017 
:61:1711211121C120133,00NMSCLWTL20112017 
:86:20170051839-IBT@SDC614943@LWTL20112017/LWTL20112017 
:61:1711211121C64260,00NMSCLPLN20112017 
:86:20170051840-IBT@SDC614494@LPLN20112017/LPLN20112017 
:61:1711211121C3000,00NMSCLPLN20112017S 
:86:20170051841-IBT@111SDC614168@LPLN20112017S/LPLN20112017S 
:61:1711211121C31966,00NMSCLNLY20112017 
:86:20170051842-IBT@25SDC614083@LNLY20112017/LNLY20112017 
:61:1711211121C360611,00NMSCLKRG20112017 
:86:20170051843-IBT@243SDC613900@LKRG20112017/LKRG20112017 
:61:1711211121C7525,00NMSCLGLE20112017S 
:86:20170051844-IBT@25SDC613726@LGLE20112017S/LGLE20112017S 
:61:1711211121C1000,00NMSCLKRG20112017S 
:86:20170051845-IBT@156SDC613622@LKRG20112017S/LKRG20112017S 
:61:1711211121C500508,00NMSCLGLE20112017 
:86:20170051846-IBT@SDC613602@LGLE20112017/LGLE20112017 
:61:1711211121C49250,00NMSCLVNY20112017S 
:86:20170051847-IBT@156SDC612680@LVNY20112017S/LVNY20112017S 
:61:1711211121C59327,00NMSCLVNY20112017 
:86:20170051848-IBT@SDC612545@LVNY20112017/LVNY20112017 
:61:1711211121C16106,00NMSCLEMB20112017 
:86:20170051849-IBT@SDC611948@LEMB20112017/LEMB20112017 
:61:1711211121C634,00NMSCLEMB201120175 
:86:20170051850-IBT@SDC611751@LEMB201120175/LEMB201120175 
:61:1711211121C163840,00NMSCLHRN20112017 
:86:20170051851-IBT@SDC611716@LHRN20112017/LHRN20112017 
:61:1711211121C2200,00NMSC254275 
:86:20170051852-IBT@SDC607470@10254275/10254275 
:61:1711211121C22446,00NMSCLBTC20112017 
:86:20170051853-IBT@SDC605450@LBTC20112017/LBTC20112017 
:61:1711211121C30009,00NMSCLMNY20112017 
:86:20170051854-IBT@SDC604512@LMNY20112017/LMNY20112017 
:61:1711211121C322605,00NMSCLRTN20112017 
:86:20170051855-IBT@SDC603915@LRTN20112017/LRTN20112017 
:61:1711211121C2000,00NMSCLCLS21112017 
:86:20170051856-IBT@SDC602620@LCLS21112017/LCLS21112017 
:61:1711211121C21270,00NMSCLCLS21112017S 
:86:20170051857-IBT@SDC602455@LCLS21112017S/LCLS21112017S 
:61:1711211121C44523,00NMSCLCLS21112017 
:86:20170051858-IBT@SDC602319@LCLS21112017/LCLS21112017 
:61:1711211121C52786,00NMSCLBLN20112017 
:86:20170051859-IBT@SDC602168@LBLN20112017/LBLN20112017 
:61:1711211121C700,00NMSCLJAF20112017S 
:86:20170051860-IBT@SDC602057@LJAF20112017S/LJAF20112017S 
:61:1711211121C184503,00NMSCLJAF20112017 
:86:20170051861-IBT@SDC601929@LJAF20112017/LJAF20112017 
:61:1711211121C69600,00NMSCLMNR20112017 
:86:20170051862-IBT@SDC601767@LMNR20112017/LMNR20112017 
:61:1711211121C10000,00NMSCLMNR20112017S 
:86:20170051863-IBT@SDC601685@LMNR20112017S/LMNR20112017S 
:61:1711211121C250,00NMSCLNUG20112017 
:86:20170051864-IBT@SDC595634@LNUG20112017/LNUG20112017 
:61:1711211121C4150,00NMSCLNUG20112017 
:86:20170051865-IBT@SDC595528@LNUG20112017/LNUG20112017 
:61:1711211121C3000,00NMSC267861 
:86:20170051866-IBT@SDC572377@PN-010267861/PN-010267861 
:61:1711211121C3000,00NMSC268356 
:86:20170051867-IBT@53SDC572282@PN-010268356/PN-010268356 
:61:1711211121C3000,00NMSC267764 
:86:20170051868-IBT@SDC572185@PN-010267764/PN-010267764 
:61:1711211121C3000,00NMSC269152 
:86:20170051869-IBT@SDC571966@PN-010269152/PN-010269152 
:61:1711211121C3000,00NMSC261107 
:86:20170051870-IBT@SDC571753@PN-010261107/PN-010261107 
:61:1711211121C3000,00NMSC260579 
:86:20170051871-IBT@74SDC571543@PN-010260579/PN-010260579 
:61:1711211121C3000,00NMSC260801 
:86:20170051872-IBT@195SDC571523@PN-010260801/PN-010260801 
:61:1711211121C3000,00NMSC261218 
:86:20170051873-IBT@15SDC571461@PN - 010261218/PN - 010261218 
:61:1711211121C3000,00NMSC258611 
:86:20170051874-IBT@SDC571338@PN-010258611/PN-010258611 
:61:1711211121C3000,00NMSC259560 
:86:20170051875-IBT@SDC571298@PN-010259560/PN-010259560 
:61:1711211121C3000,00NMSC255200 
:86:20170051876-IBT@81SDC571194@P/N 010255200/P/N 010255200 
:61:1711211121C3000,00NMSC253427 
:86:20170051877-IBT@SDC570905@P/N 010253427/P/N 010253427 
:61:1711211121C3000,00NMSC253505 
:86:20170051878-IBT@SDC570838@P/N 010253505/P/N 010253505 
:61:1711211121C3000,00NMSC253128 
:86:20170051879-IBT@81SDC570812@P/N 010253128/P/N 010253128 
:61:1711211121C3000,00NMSC249961 
:86:20170051880-IBT@64SDC570592@P/N 010249961/P/N 010249961 
:61:1711211121C3000,00NMSC250043 
:86:20170051881-IBT@64SDC570544@PN 010250043/PN 010250043 
:61:1711211121C3000,00NMSC248330 
:86:20170051882-IBT@34SDC570408@P/N 010248330/P/N 010248330 
:61:1711211121C1001,00NMSC 
:86:20170051883-IBT@12SDC555392@PVA SUNIL 2006/ILPD/MAT/7943/PVA SUNIL 2006/ILPD/MAT/7943 
:61:1711211121C11062,00NMSC304689 
:86:20170051884-IBT@84SDC545030@P/N 030304689/P/N 030304689 
:61:1711211121C361,00NMSC 
:86:20170051885-IBT@12SDC540585@HN-IL-242(AP)/HN-IL-242(AP) 
:62M:C171121LKR25000,00 
