:20:170907
:25:002930021477
:28C:00001/01
:60F:C170902LKR386141,04
:61:1709030903C9686,00NMSCNONREF
:86:010154610&010154608
:61:1709030903C1547,00NMSCNONREF
:86:010166965
:61:1709030903C2200,00NMSCNONREF
:86:010234409
:61:1709030903C950,00NMSCNONREF
:86:010259946 0777345302
:61:1709020903C3141,00NMSCNONREF
:86:010290603 0719460379
:61:1709030903C4259,00NMSCNONREF
:86:010115100 0714297703
:62F:C170902LKR398238,04

