:20:170519
:25:002930031758
:28C:00001/01
:60F:C170403LKR945260,98
:61:1704030403D750,00NMSCNONREF
:86:CHKBKCHG
:61:1704030403D625,50NMSCNONREF
:86:VISH COM MARCH 2017
:61:1704050405C5111,38NMSCNONREF
:86:17TBM2FDH000494
:61:1704180418D126409,02NMSC756301
:86:2017041770830046008895231
:61:1704270427D500000,00NMSCNONREF
:86:SLIP
:61:1704270427D50,00NMSCNONREF
:86:SLIP
:61:1705150515C15000,00NMSCNONREF
:86:15MHG5KCA005885 0775
:62F:C170403LKR338287,84

