:20:170901 
:25:005010091221 
:28C:005010091221_20170001451-IBT 
:60F:C170901LKR412896,2 
:61:1709010901C2227,00NMSC20170001451-IBT 
:86:20170001451-IBT@98SDC174003@10275794/ 
:61:1709010901C1241,00NMSC20170001452-IBT 
:86:20170001452-IBT@110SDC140405@010151101                   // 
:61:1709040904C1006,00NMSC20170001827-IBT 
:86:20170001827-IBT@209SDC695812@010048243                   // 
:61:1709040904C11221,00NMSC20170001828-IBT 
:86:20170001828-IBT@119DC204619@10293484/ 
:61:1709040904C2485,00NMSC20170001829-IBT 
:86:20170001829-IBT@209SDC605167@010136192       /ATM BIL/No 63 Moratuwa Road/ 
:61:1709040904C2065,00NMSC20170001830-IBT 
:86:20170001830-IBT@209SDC604891@10183897/ 
:61:1709040904C6026,00NMSC20170001831-IBT 
:86:20170001831-IBT@209SDC600445@IW SLIPS/SO MIS04 0409-010164551-VIDURANGA H/ 
:61:1709040904C5500,00NMSC20170001832-IBT 
:86:20170001832-IBT@209SDC600417@IW SLIPS/Q2017236-010230010 H C S-K P H C SH/ 
:61:1709040904C2000,00NMSC20170001833-IBT 
:86:20170001833-IBT@131SDC599186@10286896/ 
:61:1709040904C1501,00NMSC20170001834-IBT 
:86:20170001834-IBT@142SDC597939@010136231 C J LIYANAGE/ 
:61:1709040904C1590,00NMSC20170001835-IBT 
:86:20170001835-IBT@SDC597845@010136369 S D DE SILVA/ 
:61:1709040904C2175,00NMSC20170001836-IBT 
:86:20170001836-IBT@131SDC597661@30195496/ 
:61:1709040904C2000,00NMSC20170001837-IBT 
:86:20170001837-IBT@235SDC597396@30227724/ 
:61:1709040904C2000,00NMSC20170001838-IBT 
:86:20170001838-IBT@235SDC597218@30245416/ 
:61:1709040904C302905,00NMSC20170001839-IBT 
:86:20170001839-IBT@47DC178941@2017/2295/HNB/ 
:61:1709040904C2000,00NMSC20170001840-IBT 
:86:20170001840-IBT@131SDC591252@30244995/ 
:61:1709040904C58940,00NMSC20170001841-IBT 
:86:20170001841-IBT@SDC589583@10073493/ 
:61:1709040904C7548,00NMSC20170001842-IBT 
:86:20170001842-IBT@SDC589129@10253130/ 
:61:1709040904C6000,00NMSC20170001843-IBT 
:86:20170001843-IBT@SDC587776@10300193/ 
:61:1709040904C2724,00NMSC20170001844-IBT 
:86:20170001844-IBT@SDC587352@10210207/ 
:61:1709040904C2724,00NMSC20170001845-IBT 
:86:20170001845-IBT@SDC587310@10210206/ 
:61:1709040904C4410,00NMSC20170001846-IBT 
:86:20170001846-IBT@155SDC586874@10206707/ 
:61:1709040904C4000,00NMSC20170001847-IBT 
:86:20170001847-IBT@SDC586391@10273182/ 
:61:1709040904C2200,00NMSC20170001848-IBT 
:86:20170001848-IBT@SDC586303@10241355/ 
:61:1709040904C1664,00NMSC20170001849-IBT 
:86:20170001849-IBT@154SDC586025@10160970/ 
:61:1709040904C1500,00NMSC20170001850-IBT 
:86:20170001850-IBT@85SDC582244@POLICY NO.010027240- T MATHALENAL/ 
:61:1709040904C1300,00NMSC20170001851-IBT 
:86:20170001851-IBT@85SDC580746@10255304/ 
:61:1709040904C750,00NMSC20170001852-IBT 
:86:20170001852-IBT@138SDC580609@10037678/ 
:61:1709040904C2550,00NMSC20170001853-IBT 
:86:20170001853-IBT@131SDC580608@10259020/ 
:61:1709040904C3550,00NMSC20170001854-IBT 
:86:20170001854-IBT@131SDC580486@10193146/ 
:61:1709040904C10000,00NMSC20170001855-IBT 
:86:20170001855-IBT@SDC578155@30267210/ 
:61:1709040904C1570,00NMSC20170001856-IBT 
:86:20170001856-IBT@39SDC574318@30241548/ 
:61:1709040904C10464,00NMSC20170001857-IBT 
:86:20170001857-IBT@110DC163092@2017BYG00106/ 
:61:1709040904C3000,00NMSC20170001858-IBT 
:86:20170001858-IBT@151SDC573796@30125363/ 
:61:1709040904C2110,00NMSC20170001859-IBT 
:86:20170001859-IBT@701SDC573236@10182802/ 
:61:1709040904C2200,00NMSC20170001860-IBT 
:86:20170001860-IBT@223SDC572103@10241440/ 
:61:1709040904C4010,00NMSC20170001861-IBT 
:86:20170001861-IBT@223SDC571460@10284531/ 
:61:1709040904C2200,00NMSC20170001862-IBT 
:86:20170001862-IBT@119SDC571329@1091239/ 
:61:1709040904D400000,00NMSD20170001863-IBT 
:86:20170001863-IBT@121DC152668@TRANSFER TO 002010215245/ 
:61:1709040904C2750,00NMSC20170001864-IBT 
:86:20170001864-IBT@121DC149365@2017/2926/MCR/ 
:61:1709040904C4000,00NMSC20170001865-IBT 
:86:20170001865-IBT@220SDC568899@10271845/ 
:61:1709040904C1775,00NMSC20170001866-IBT 
:86:20170001866-IBT@20SDC564800@10154667/ 
:61:1709040904C2380,00NMSC20170001867-IBT 
:86:20170001867-IBT@84SDC563654@10170163/ 
:61:1709040904C1950,00NMSC20170001868-IBT 
:86:20170001868-IBT@703SDC563546@10170156/ 
:61:1709040904C3250,00NMSC20170001869-IBT 
:86:20170001869-IBT@84SDC563132@30278439/ 
:61:1709040904C3300,00NMSC20170001870-IBT 
:86:20170001870-IBT@84SDC563089@10235011/ 
:61:1709040904C17000,00NMSC20170001871-IBT 
:86:20170001871-IBT@165SDC563063@2702/ 
:61:1709040904C1020,00NMSC20170001872-IBT 
:86:20170001872-IBT@151SDC560149@10164757/ 
:61:1709040904C1115,00NMSC20170001873-IBT 
:86:20170001873-IBT@SDC559613@10135640/ 
:61:1709040904C15370,00NMSC20170001874-IBT 
:86:20170001874-IBT@703SDC558896@10108644/ 
:61:1709040904C1541,00NMSC20170001875-IBT 
:86:20170001875-IBT@49SDC555661@10041596/ 
:61:1709040904C550,00NMSC20170001876-IBT 
:86:20170001876-IBT@703SDC555529@10009446/ 
:61:1709040904C500,00NMSC20170001877-IBT 
:86:20170001877-IBT@73SDC555418@10004182/ 
:61:1709040904C1060,00NMSC20170001878-IBT 
:86:20170001878-IBT@77SDC553728@10106334/ 
:61:1709040904C2180,00NMSC20170001879-IBT 
:86:20170001879-IBT@SDC553351@10100704/ 
:61:1709040904C6000,00NMSC20170001880-IBT 
:86:20170001880-IBT@SDC547596@6000/ 
:61:1709040904C2500,00NMSC20170001881-IBT 
:86:20170001881-IBT@152SDC546988@10257558/ 
:61:1709040904C3320,00NMSC20170001882-IBT 
:86:20170001882-IBT@73SDC545825@10181225/ 
:61:1709040904C10646,00NMSC20170001883-IBT 
:86:20170001883-IBT@3SDC545422@10258808/ 
:61:1709040904C1550,00NMSC20170001884-IBT 
:86:20170001884-IBT@3SDC545327@10107400/ 
:61:1709040904C6500,00NMSC20170001885-IBT 
:86:20170001885-IBT@112SDC542002@10282615/ 
:61:1709040904C1225,00NMSC20170001886-IBT 
:86:20170001886-IBT@55SDC541164@10111313/ 
:61:1709040904C4500,00NMSC20170001887-IBT 
:86:20170001887-IBT@147SDC539380@10251587/ 
:61:1709040904C1543,00NMSC20170001888-IBT 
:86:20170001888-IBT@162SDC536844@10220514/ 
:61:1709040904C1210,00NMSC20170001889-IBT 
:86:20170001889-IBT@80SDC536633@10065166/ 
:61:1709040904C3270,00NMSC20170001890-IBT 
:86:20170001890-IBT@59SDC535135@10287763/ 
:61:1709040904C10000,00NMSC20170001891-IBT 
:86:20170001891-IBT@55SDC534561@30241286/ 
:61:1709040904C2350,00NMSC20170001892-IBT 
:86:20170001892-IBT@96SDC534824@10141653/ 
:61:1709040904C2000,00NMSC20170001893-IBT 
:86:20170001893-IBT@96SDC534015@30264093/ 
:61:1709040904C2000,00NMSC20170001894-IBT 
:86:20170001894-IBT@14SDC533968@30269257/ 
:61:1709040904C6050,00NMSC20170001895-IBT 
:86:20170001895-IBT@77SDC533905@30286326/ 
:61:1709040904C5070,00NMSC20170001896-IBT 
:86:20170001896-IBT@165SDC525450@030283823// 
:61:1709040904C2453,00NMSC20170001897-IBT 
:86:20170001897-IBT@119SDC447518@10132545/ 
:61:1709040904C3080,00NMSC20170001898-IBT 
:86:20170001898-IBT@77SDC437324@10267322/ 
:61:1709040904C1000,00NMSC20170001899-IBT 
:86:20170001899-IBT@154SDC366878@30231981/ 
:61:1709040904C6600,00NMSC20170001900-IBT 
:86:20170001900-IBT@111SDC365885@30233788/ 
:61:1709040904C5000,00NMSC20170001901-IBT 
:86:20170001901-IBT@49SDC350711@10219680/ 
:61:1709060906C5817,00NMSC20170002951-IBT 
:86:20170002951-IBT@SDC957478@010255376// 
:61:1709060906C24842,00NMSC20170002952-IBT 
:86:20170002952-IBT@DC130881@2017/2542/HNB/ 
:61:1709060906C2106,00NMSC20170002953-IBT 
:86:20170002953-IBT@DC126308@2017/2947/MCR - A M GUNADASA/ 
:61:1709060906C2500,00NMSC20170002954-IBT 
:86:20170002954-IBT@SDC930503@010257229// 
:61:1709060906C10306,00NMSC20170002955-IBT 
:86:20170002955-IBT@SDC927140@IW SLIPS/010288256--/ 
:61:1709060906C2500,00NMSC20170002956-IBT 
:86:20170002956-IBT@SDC925333@IW SLIPS/SO MIS 01 0609-010150718-BANDARA B/ 
:61:1709060906C15000,00NMSC20170002957-IBT 
:86:20170002957-IBT@SDC925331@IW SLIPS/Q2017237-10188140 M G M-M G G M FER/ 
:61:1709060906C15000,00NMSC20170002958-IBT 
:86:20170002958-IBT@SDC925330@IW SLIPS/Q2017237-10184926W T L F-W F T LUSH/ 
:61:1709060906C3024,00NMSC20170002959-IBT 
:86:20170002959-IBT@SDC925324@IW SLIPS/TRS ORD VIA SLP-010236077-SIRISENA/ 
:61:1709060906C3400,00NMSC20170002960-IBT 
:86:20170002960-IBT@SDC923617@10283716/ 
:61:1709060906C2200,00NMSC20170002961-IBT 
:86:20170002961-IBT@SDC922802@10189512/ 
:61:1709060906C4921,00NMSC20170002962-IBT 
:86:20170002962-IBT@DC100097@2017/2946/MCR/ 
:61:1709060906C2500,00NMSC20170002963-IBT 
:86:20170002963-IBT@SDC916894@10243269/ 
:61:1709060906C11711,00NMSC20170002964-IBT 
:86:20170002964-IBT@SDC916667@10204876/ 
:61:1709060906C2369,00NMSC20170002965-IBT 
:86:20170002965-IBT@151SDC912835@10225859/ 
:61:1709060906C2168,00NMSC20170002966-IBT 
:86:20170002966-IBT@125SDC912767@10226987/ 
:61:1709060906C2171,00NMSC20170002967-IBT 
:86:20170002967-IBT@SDC912700@10225089/ 
:61:1709060906C3107,00NMSC20170002968-IBT 
:86:20170002968-IBT@115SDC911490@10076428/ 
:61:1709060906C1050,00NMSC20170002969-IBT 
:86:20170002969-IBT@24SDC910698@10116535/ 
:61:1709060906C3272,00NMSC20170002970-IBT 
:86:20170002970-IBT@141SDC909697@10184899/ 
:61:1709060906C2015,00NMSC20170002971-IBT 
:86:20170002971-IBT@141SDC908355@10131280/ 
:61:1709060906C2100,00NMSC20170002972-IBT 
:86:20170002972-IBT@141SDC908148@10294721/ 
:61:1709060906C3100,00NMSC20170002973-IBT 
:86:20170002973-IBT@198SDC906384@10142318/ 
:61:1709060906C4700,00NMSC20170002974-IBT 
:86:20170002974-IBT@188SDC906136@10267905/ 
:61:1709060906C2450,00NMSC20170002975-IBT 
:86:20170002975-IBT@153SDC905949@10160929/ 
:61:1709060906C3000,00NMSC20170002976-IBT 
:86:20170002976-IBT@36SDC905371@10292956/ 
:61:1709060906C3120,00NMSC20170002977-IBT 
:86:20170002977-IBT@49SDC904837@10105251/ 
:61:1709060906C2175,00NMSC20170002978-IBT 
:86:20170002978-IBT@147SDC903137@10235955/ 
:61:1709060906C4150,00NMSC20170002979-IBT 
:86:20170002979-IBT@27SDC902135@10082124/ 
:61:1709060906D600000,00NMSD20170002980-IBT 
:86:20170002980-IBT@220DC85022@TRANSFER TO 002010215245/ 
:61:1709060906C2035,00NMSC20170002981-IBT 
:86:20170002981-IBT@110SDC893754@10074951/ 
:61:1709060906C893,00NMSC20170002982-IBT 
:86:20170002982-IBT@149SDC892983@10007778/ 
:61:1709060906C876,00NMSC20170002983-IBT 
:86:20170002983-IBT@112SDC892772@10007779/ 
:61:1709060906C3047,00NMSC20170002984-IBT 
:86:20170002984-IBT@26SDC892464@30239631/ 
:61:1709060906C5140,00NMSC20170002985-IBT 
:86:20170002985-IBT@SDC892439@10220302/ 
:61:1709060906C30002,00NMSC20170002986-IBT 
:86:20170002986-IBT@47SDC892057@010073379 SRITHARAN RENUGA/ 
:61:1709060906C1100,00NMSC20170002987-IBT 
:86:20170002987-IBT@18SDC892006@20146613/ 
:61:1709060906C892,00NMSC20170002988-IBT 
:86:20170002988-IBT@18SDC891292@10006616/ 
:61:1709060906C3624,00NMSC20170002989-IBT 
:86:20170002989-IBT@112SDC889555@10126669/ 
:61:1709060906C1000,00NMSC20170002990-IBT 
:86:20170002990-IBT@55SDC889026@10102518/ 
:61:1709060906C2000,00NMSC20170002991-IBT 
:86:20170002991-IBT@9SDC888832@30268255/ 
:61:1709060906C1350,00NMSC20170002992-IBT 
:86:20170002992-IBT@226SDC888781@10239893/ 
:61:1709060906C2500,00NMSC20170002993-IBT 
:86:20170002993-IBT@29SDC887256@30239039/ 
:61:1709060906C5500,00NMSC20170002994-IBT 
:86:20170002994-IBT@121SDC886851@10224779/ 
:61:1709060906C2000,00NMSC20170002995-IBT 
:86:20170002995-IBT@221SDC886827@30208992/ 
:61:1709060906C1232,00NMSC20170002996-IBT 
:86:20170002996-IBT@139SDC885812@10223369/ 
:61:1709060906C5520,00NMSC20170002997-IBT 
:86:20170002997-IBT@147SDC885763@10227780/ 
:61:1709060906C1107,00NMSC20170002998-IBT 
:86:20170002998-IBT@103SDC885530@10121210/ 
:61:1709060906C10613,00NMSC20170002999-IBT 
:86:20170002999-IBT@706SDC883165@10035648/ 
:61:1709060906C2430,00NMSC20170003000-IBT 
:86:20170003000-IBT@131SDC881271@10112070/ 
:61:1709060906C5000,00NMSC20170003001-IBT 
:86:20170003001-IBT@209SDC880527@10264513/ 
:61:1709060906C5585,00NMSC20170003002-IBT 
:86:20170003002-IBT@209SDC879519@10170953/ 
:61:1709060906C6000,00NMSC20170003003-IBT 
:86:20170003003-IBT@198SDC877650@10298835/ 
:61:1709060906C2000,00NMSC20170003004-IBT 
:86:20170003004-IBT@138SDC877578@10245027/ 
:61:1709060906C2000,00NMSC20170003005-IBT 
:86:20170003005-IBT@36SDC877508@10219577/ 
:61:1709060906C3000,00NMSC20170003006-IBT 
:86:20170003006-IBT@209SDC877408@10219577/ 
:61:1709060906C3031,00NMSC20170003007-IBT 
:86:20170003007-IBT@119SDC876045@10265779/ 
:61:1709060906C1042,00NMSC20170003008-IBT 
:86:20170003008-IBT@209SDC875987@10032517/ 
:61:1709060906C1085,00NMSC20170003009-IBT 
:86:20170003009-IBT@209SDC874923@010055076       /ATM BIL/NO 39 Chillaw Road/ 
:61:1709060906C3017,00NMSC20170003010-IBT 
:86:20170003010-IBT@209SDC870777@30300685/ 
:61:1709060906C2835,00NMSC20170003011-IBT 
:86:20170003011-IBT@209SDC870540@010236075 L C R WIJEDASA/ 
:61:1709060906C2505,00NMSC20170003012-IBT 
:86:20170003012-IBT@131SDC870346@010265816 L C R WIJEDASA/ 
:61:1709060906C1135,00NMSC20170003013-IBT 
:86:20170003013-IBT@142SDC870174@10101963/ 
:61:1709060906C2019,00NMSC20170003014-IBT 
:86:20170003014-IBT@SDC869835@30300695/ 
:61:1709060906C21444,00NMSC20170003015-IBT 
:86:20170003015-IBT@131SDC854066@IW SLIPS/--BANDARA SW & ARACHC/ 
:61:1709060906C10700,00NMSC20170003016-IBT 
:86:20170003016-IBT@235SDC854035@IW SLIPS/00006604366-030266170-GUNAWARDHANA/ 
:61:1709070907C2586,00NMSC20170004595-IBT 
:86:20170004595-IBT@119SDC141367@10190229/ 
:61:1709070907C2500,00NMSC20170004596-IBT 
:86:20170004596-IBT@86SDC128468@10198728/ 
:61:1709070907C1800,00NMSC20170004597-IBT 
:86:20170004597-IBT@165SDC125187@10107250/ 
:61:1709070907C32000,00NMSC20170004598-IBT 
:86:20170004598-IBT@55SDC124036@30263681/ 
:61:1709070907C35843,00NMSC20170004599-IBT 
:86:20170004599-IBT@235SDC120948@30235592/ 
:61:1709070907C5601,00NMSC20170004600-IBT 
:86:20170004600-IBT@18SDC119346@10288647/ 
:61:1709070907C6600,00NMSC20170004601-IBT 
:86:20170004601-IBT@149SDC118109@10177631/ 
:61:1709070907C6568,00NMSC20170004602-IBT 
:86:20170004602-IBT@220SDC116456@10209136/ 
:61:1709070907C1220,00NMSC20170004603-IBT 
:86:20170004603-IBT@147SDC114946@10147315/ 
:61:1709070907C2200,00NMSC20170004604-IBT 
:86:20170004604-IBT@160SDC114808@10208673/ 
:61:1709070907D350000,00NMSD20170004605-IBT 
:86:20170004605-IBT@119DC84268@TRANSFER TO 002010215245/ 
:61:1709070907C1760,00NMSC20170004606-IBT 
:86:20170004606-IBT@244SDC113489@10164896/ 
:61:1709070907C2000,00NMSC20170004607-IBT 
:86:20170004607-IBT@18SDC109522@30207422/ 
:61:1709070907C2055,00NMSC20170004608-IBT 
:86:20170004608-IBT@93SDC108112@10139333/ 
:61:1709070907C3430,00NMSC20170004609-IBT 
:86:20170004609-IBT@239SDC101828@10287136/ 
:61:1709070907C3470,00NMSC20170004610-IBT 
:86:20170004610-IBT@SDC101783@10287057/ 
:61:1709070907C6367,00NMSC20170004611-IBT 
:86:20170004611-IBT@162SDC101178@30241661/ 
:61:1709070907C1300,00NMSC20170004612-IBT 
:86:20170004612-IBT@131SDC99080@10277930/ 
:61:1709070907C5700,00NMSC20170004613-IBT 
:86:20170004613-IBT@2SDC96702@10298731/ 
:61:1709070907C3100,00NMSC20170004614-IBT 
:86:20170004614-IBT@200SDC93907@10263802/ 
:61:1709070907C2170,00NMSC20170004615-IBT 
:86:20170004615-IBT@200SDC93606@10254238/ 
:61:1709070907C2081,00NMSC20170004616-IBT 
:86:20170004616-IBT@81SDC89806@10201216/ 
:61:1709070907C6000,00NMSC20170004617-IBT 
:86:20170004617-IBT@119SDC88337@10021273/ 
:61:1709070907C4500,00NMSC20170004618-IBT 
:86:20170004618-IBT@59SDC85459@10299081/ 
:61:1709070907C4200,00NMSC20170004619-IBT 
:86:20170004619-IBT@138SDC74953@030128285/My HNB Assurance Payment/ 
:61:1709070907C1892,00NMSC20170004620-IBT 
:86:20170004620-IBT@98SDC73404@010137347// 
:61:1709070907C18402,00NMSC20170004621-IBT 
:86:20170004621-IBT@14SDC65586@IW SLIPS/CPU060917001103-010265624-PERERA (J/ 
:61:1709070907C18402,00NMSC20170004622-IBT 
:86:20170004622-IBT@18SDC65584@IW SLIPS/CPU060917001102-010265623-PERERA (J/ 
:61:1709070907C10192,00NMSC20170004623-IBT 
:86:20170004623-IBT@112SDC65570@IW SLIPS/-010291731-MANDALANAYAGAM M J P/ 
:61:1709080908C2020,00NMSC20170005230-IBT 
:86:20170005230-IBT@SDC293376@010253201 T R SURENI GEETHIKA KULARATHNA/ 
:61:1709080908C1500,00NMSC20170005231-IBT 
:86:20170005231-IBT@SDC293793@10033816/ 
:61:1709080908C2000,00NMSC20170005232-IBT 
:86:20170005232-IBT@SDC294483@10248272/ 
:61:1709080908C1198,00NMSC20170005233-IBT 
:86:20170005233-IBT@SDC294702@10121299/ 
:61:1709080908C1510,00NMSC20170005234-IBT 
:86:20170005234-IBT@SDC295021@10134730/ 
:61:1709080908C1256,00NMSC20170005236-IBT 
:86:20170005236-IBT@SDC301054@10160738/ 
:61:1709080908C4985,00NMSC20170005237-IBT 
:86:20170005237-IBT@SDC303244@030234289       /ATM BIL/Serendib Building/ 
:61:1709080908C2200,00NMSC20170005238-IBT 
:86:20170005238-IBT@SDC303655@10215340/ 
:61:1709080908C3150,00NMSC20170005239-IBT 
:86:20170005239-IBT@SDC304519@10266306/ 
:61:1709080908C10500,00NMSC20170005240-IBT 
:86:20170005240-IBT@SDC304619@10183500/ 
:61:1709080908C10500,00NMSC20170005242-IBT 
:86:20170005242-IBT@SDC304678@10183500/ 
:61:1709080908C3150,00NMSC20170005243-IBT 
:86:20170005243-IBT@SDC304752@10266306/ 
:61:1709080908C1185,00NMSC20170005244-IBT 
:86:20170005244-IBT@SDC310232@10055845/ 
:61:1709080908C2182,00NMSC20170005245-IBT 
:86:20170005245-IBT@SDC310537@030165706// 
:61:1709080908C29100,00NMSC20170005246-IBT 
:86:20170005246-IBT@SDC311395@557058 DEPO/ 
:61:1709080908C5428,00NMSC20170005247-IBT 
:86:20170005247-IBT@SDC311955@030304723// 
:61:1709080908D29100,00NMSD20170005248-IBT 
:86:20170005248-IBT@DC180347@ERROR POST REVERSAL/ 
:61:1709080908C65000,00NMSC20170005249-IBT 
:86:20170005249-IBT@SDC314408@30233300/ 
:61:1709080908C2523,00NMSC20170005257-IBT 
:86:20170005257-IBT@122SDC304638@30228573/ 
:61:1709080908C2544,00NMSC20170005263-IBT 
:86:20170005263-IBT@98SDC300053@10280207/ 
:61:1709110911C2650,00NMSC20170005863-IBT 
:86:20170005863-IBT@231SDC844304@10159953/ 
:61:1709110911C1300,00NMSC20170005864-IBT 
:86:20170005864-IBT@110SDC844173@IW SLIPS/163/07-Insuarance prem-S.M. SIRIYAW/ 
:61:1709110911C2010,00NMSC20170005865-IBT 
:86:20170005865-IBT@131SDC844134@IW SLIPS/TRS ORD VIA SLP-010215038-ARIYARATH/ 
:61:1709110911C10620,00NMSC20170005866-IBT 
:86:20170005866-IBT@235SDC841700@IW SLIPS/TRS ORD VIA SLP-010270008-GUNAWARDE/ 
:61:1709110911C6474,00NMSC20170005867-IBT 
:86:20170005867-IBT@35SDC841698@IW SLIPS/TRS ORD VIA SLP-010259694-BUDDHIKA/ 
:61:1709110911C2135,00NMSC20170005868-IBT 
:86:20170005868-IBT@SDC841694@IW SLIPS/Q2017245-Q2017245-0017-M I R MOHOMM/ 
:61:1709110911C5000,00NMSC20170005869-IBT 
:86:20170005869-IBT@SDC841691@IW SLIPS/    01236569--/ 
:61:1709110911C11428,00NMSC20170005870-IBT 
:86:20170005870-IBT@SDC841688@IW SLIPS/010172979--/ 
:61:1709110911C3500,00NMSC20170005871-IBT 
:86:20170005871-IBT@SDC840702@10288577/ 
:61:1709110911C2650,00NMSC20170005872-IBT 
:86:20170005872-IBT@SDC839060@010035491M A L J FERNANDO/ 
:61:1709110911C1220,00NMSC20170005873-IBT 
:86:20170005873-IBT@SDC837568@10019892/ 
:61:1709110911C1317,00NMSC20170005874-IBT 
:86:20170005874-IBT@SDC836704@10112758/ 
:61:1709110911C4350,00NMSC20170005875-IBT 
:86:20170005875-IBT@SDC834158@10265804/ 
:61:1709110911C2000,00NMSC20170005876-IBT 
:86:20170005876-IBT@SDC832275@10013124/ 
:61:1709110911C4500,00NMSC20170005877-IBT 
:86:20170005877-IBT@245SDC831368@10289326/ 
:61:1709110911C1400,00NMSC20170005878-IBT 
:86:20170005878-IBT@SDC828243@10146658/ 
:61:1709110911C1547,00NMSC20170005879-IBT 
:86:20170005879-IBT@SDC826193@10153634/ 
:61:1709110911C4352,00NMSC20170005880-IBT 
:86:20170005880-IBT@SDC825230@30227689/ 
:61:1709110911C3300,00NMSC20170005881-IBT 
:86:20170005881-IBT@SDC824978@10197727/ 
:61:1709110911C6000,00NMSC20170005882-IBT 
:86:20170005882-IBT@SDC823733@10296454/ 
:61:1709110911C1852,00NMSC20170005883-IBT 
:86:20170005883-IBT@SDC823410@30126336/ 
:61:1709110911C6450,00NMSC20170005884-IBT 
:86:20170005884-IBT@SDC823281@30126356/ 
:61:1709110911C15782,00NMSC20170005885-IBT 
:86:20170005885-IBT@131SDC822456@10019471/ 
:61:1709110911C2500,00NMSC20170005886-IBT 
:86:20170005886-IBT@22SDC822418@10016634/ 
:61:1709110911D550000,00NMSD20170005887-IBT 
:86:20170005887-IBT@130DC103872@TRANSFER TO 002010215245/ 
:61:1709110911C2050,00NMSC20170005888-IBT 
:86:20170005888-IBT@102SDC818197@30234066/ 
:61:1709110911C2100,00NMSC20170005889-IBT 
:86:20170005889-IBT@121SDC817597@10225412/ 
:61:1709110911C810,00NMSC20170005890-IBT 
:86:20170005890-IBT@89SDC815362@10079891/ 
:61:1709110911C48588,00NMSC20170005891-IBT 
:86:20170005891-IBT@200DC101544@2017/2693/HNB/ 
:61:1709110911C2500,00NMSC20170005892-IBT 
:86:20170005892-IBT@178SDC814973@10027254/ 
:61:1709110911C1200,00NMSC20170005893-IBT 
:86:20170005893-IBT@73SDC813837@010225145/September 2017 - Gayani Rodrigo/ 
:61:1709110911C1570,00NMSC20170005894-IBT 
:86:20170005894-IBT@19SDC812538@30218906/ 
:61:1709110911C2553,00NMSC20170005895-IBT 
:86:20170005895-IBT@102SDC810997@10265938/ 
:61:1709110911C5437,00NMSC20170005896-IBT 
:86:20170005896-IBT@3SDC810926@10255367/ 
:61:1709110911C10800,00NMSC20170005897-IBT 
:86:20170005897-IBT@14SDC810585@10211774/ 
:61:1709110911C1100,00NMSC20170005898-IBT 
:86:20170005898-IBT@14SDC807502@30209376/ 
:61:1709110911C3500,00NMSC20170005899-IBT 
:86:20170005899-IBT@110SDC806646@10017736/ 
:61:1709110911D1572,00NMSD20170005900-IBT 
:86:20170005900-IBT@96DC92440@ERROR REV-SDC799244-010772317/ 
:61:1709110911C799,00NMSC20170005901-IBT 
:86:20170005901-IBT@SDC805041@10034338/ 
:61:1709110911C5100,00NMSC20170005902-IBT 
:86:20170005902-IBT@64SDC804820@10268734/ 
:61:1709110911C3300,00NMSC20170005903-IBT 
:86:20170005903-IBT@198SDC803187@10237593/ 
:61:1709110911C1450,00NMSC20170005904-IBT 
:86:20170005904-IBT@142SDC801450@30159660/ 
:61:1709110911C1571,00NMSC20170005905-IBT 
:86:20170005905-IBT@SDC800566@10117416/ 
:61:1709110911C1090,00NMSC20170005906-IBT 
:86:20170005906-IBT@18SDC800422@10118012/ 
:61:1709110911C944,00NMSC20170005907-IBT 
:86:20170005907-IBT@SDC798708@010136383.S.M.C.N.PABASHI/ 
:61:1709110911C1166,00NMSC20170005908-IBT 
:86:20170005908-IBT@60SDC798525@010135469.S.M.C.HANSIKA/ 
:61:1709110911C1572,00NMSC20170005909-IBT 
:86:20170005909-IBT@84SDC799547@10172317/ 
:61:1709110911C1572,00NMSC20170005910-IBT 
:86:20170005910-IBT@155SDC799244@10772317/ 
:61:1709110911C106649,00NMSC20170005911-IBT 
:86:20170005911-IBT@121DC79119@2017/2319/HNB/ 
:61:1709110911C698888,00NMSC20170005912-IBT 
:86:20170005912-IBT@210DC76323@2017/2588/HNB/ 
:61:1709110911C3300,00NMSC20170005913-IBT 
:86:20170005913-IBT@198SDC796916@10248617/ 
:61:1709110911C613,00NMSC20170005914-IBT 
:86:20170005914-IBT@SDC796229@10175364/ 
:61:1709110911C655,00NMSC20170005915-IBT 
:86:20170005915-IBT@141SDC796150@10172974/ 
:61:1709110911C11000,00NMSC20170005916-IBT 
:86:20170005916-IBT@151SDC795164@10228722/ 
:61:1709110911C4985,00NMSC20170005917-IBT 
:86:20170005917-IBT@155SDC794172@010280040       /ATM BIL/No 496A Avissawella/ 
:61:1709110911C12060,00NMSC20170005918-IBT 
:86:20170005918-IBT@64SDC793825@10297188/ 
:61:1709110911C2200,00NMSC20170005919-IBT 
:86:20170005919-IBT@77SDC793503@30234105/ 
:61:1709110911C2200,00NMSC20170005920-IBT 
:86:20170005920-IBT@77SDC793356@10233188/ 
:61:1709110911C3100,00NMSC20170005921-IBT 
:86:20170005921-IBT@96SDC793069@10227132/ 
:61:1709110911C4000,00NMSC20170005922-IBT 
:86:20170005922-IBT@96SDC789833@10287269/ 
:61:1709110911C3184,00NMSC20170005923-IBT 
:86:20170005923-IBT@49SDC789213@10261282/ 
:61:1709110911C1013,00NMSC20170005924-IBT 
:86:20170005924-IBT@49SDC789184@10050733/ 
:61:1709110911C3000,00NMSC20170005925-IBT 
:86:20170005925-IBT@SDC789012@10257675/ 
:61:1709110911C1292,00NMSC20170005926-IBT 
:86:20170005926-IBT@SDC786489@10047350/ 
:61:1709110911C2500,00NMSC20170005927-IBT 
:86:20170005927-IBT@218SDC786217@10209513/ 
:61:1709110911C3400,00NMSC20170005928-IBT 
:86:20170005928-IBT@9SDC783272@10266273/ 
:61:1709110911C2500,00NMSC20170005929-IBT 
:86:20170005929-IBT@9SDC779179@30294024/ 
:61:1709110911C5774,00NMSC20170005930-IBT 
:86:20170005930-IBT@178SDC700454@030267805// 
:61:1709110911C1178,00NMSC20170005931-IBT 
:86:20170005931-IBT@SDC661701@030112258                   // 
:61:1709110911C1160,00NMSC20170005932-IBT 
:86:20170005932-IBT@220SDC598167@10154054/ 
:61:1709080908C2000,00NMSC20170008267-IBT 
:86:20170008267-IBT@SDC472133@HN-IL 22161  -   M P K ASHENDRA COORAY/ 
:61:1709080908C1159,00NMSC20170008268-IBT 
:86:20170008268-IBT@DC233158@2017/2932/MCR S D N KUMARASINGHE/ 
:61:1709080908C219873,00NMSC20170008269-IBT 
:86:20170008269-IBT@218DC232671@2017/2513/HNB/ 
:61:1709080908C3075,00NMSC20170008270-IBT 
:86:20170008270-IBT@9SDC375148@030239491// 
:61:1709080908C1010,00NMSC20170008271-IBT 
:86:20170008271-IBT@9SDC362511@IW SLIPS/TRS ORD VIA SLP-010158427-PRADEEPAN/ 
:61:1709080908C3000,00NMSC20170008272-IBT 
:86:20170008272-IBT@178SDC362498@IW SLIPS/Q2017241-010205809AA Cha-A A CHATHU/ 
:61:1709080908C3000,00NMSC20170008273-IBT 
:86:20170008273-IBT@SDC362497@IW SLIPS/Q2017241-10183369 T H S-T H S MALLI/ 
:61:1709080908C3000,00NMSC20170008274-IBT 
:86:20170008274-IBT@220SDC362496@IW SLIPS/Q2017241-D S BALACHANDRA-D S BALACH/ 
:61:1709080908C10000,00NMSC20170008275-IBT 
:86:20170008275-IBT@701SDC362495@IW SLIPS/Q2017241-30955 HDO E P H-E P H KULA/ 
:61:1709080908C3000,00NMSC20170008276-IBT 
:86:20170008276-IBT@18SDC362494@IW SLIPS/Q2017241-HNIL 30946 H W-H W M DE SI/ 
:61:1709080908C6600,00NMSC20170008277-IBT 
:86:20170008277-IBT@18SDC362222@RV/17/2NUG00000430/ 
:61:1709080908C2400,00NMSC20170008278-IBT 
:86:20170008278-IBT@226SDC360392@030144341                   // 
:61:1709080908C2470,00NMSC20170008279-IBT 
:86:20170008279-IBT@102SDC358920@10149659/ 
:61:1709080908C1575,00NMSC20170008280-IBT 
:86:20170008280-IBT@128SDC358833@10037936/ 
:61:1709080908C1600,00NMSC20170008281-IBT 
:86:20170008281-IBT@77SDC358048@10249367/ 
:61:1709080908C1002,00NMSC20170008282-IBT 
:86:20170008282-IBT@18SDC341298@10067876/ 
:61:1709080908C6020,00NMSC20170008283-IBT 
:86:20170008283-IBT@154SDC349960@10236092/ 
:61:1709080908C1746,00NMSC20170008284-IBT 
:86:20170008284-IBT@103SDC349860@10017459/ 
:61:1709080908C1107,00NMSC20170008285-IBT 
:86:20170008285-IBT@149SDC347439@10063112/ 
:61:1709080908C2566,00NMSC20170008286-IBT 
:86:20170008286-IBT@SDC346843@10003310/ 
:61:1709080908C2000,00NMSC20170008287-IBT 
:86:20170008287-IBT@SDC345587@10198852/ 
:61:1709080908C2785,00NMSC20170008288-IBT 
:86:20170008288-IBT@18SDC343623@10256767/ 
:61:1709080908C2200,00NMSC20170008289-IBT 
:86:20170008289-IBT@245SDC343365@10191592/ 
:61:1709080908C1000,00NMSC20170008290-IBT 
:86:20170008290-IBT@SDC342876@10047174/ 
:61:1709080908C10000,00NMSC20170008291-IBT 
:86:20170008291-IBT@SDC342785@010232602/4157XXXX XXXX8017/FAW-HNB-ASSU/ 
:61:1709080908C2333,00NMSC20170008292-IBT 
:86:20170008292-IBT@SDC342291@10170040/ 
:61:1709080908C2657,00NMSC20170008293-IBT 
:86:20170008293-IBT@SDC342170@10292510/ 
:61:1709080908C1162,00NMSC20170008294-IBT 
:86:20170008294-IBT@SDC340948@10103942/ 
:61:1709080908C3150,00NMSC20170008295-IBT 
:86:20170008295-IBT@SDC338879@10213426/ 
:61:1709080908C1506,00NMSC20170008296-IBT 
:86:20170008296-IBT@SDC338024@10107198/ 
:61:1709080908C1500,00NMSC20170008297-IBT 
:86:20170008297-IBT@131SDC337966@10105748/ 
:61:1709080908C851,00NMSC20170008298-IBT 
:86:20170008298-IBT@22SDC335791@10015301/ 
:61:1709080908C2000,00NMSC20170008299-IBT 
:86:20170008299-IBT@130SDC334632@30244587/ 
:61:1709080908C7144,00NMSC20170008300-IBT 
:86:20170008300-IBT@102SDC333193@10242919/ 
:61:1709080908C2011,00NMSC20170008301-IBT 
:86:20170008301-IBT@121SDC332141@10070381/ 
:61:1709080908C28132,00NMSC20170008302-IBT 
:86:20170008302-IBT@89DC197472@2017/2949/MCR - K N PERERA & T PRASANNA/ 
:61:1709080908C1103,00NMSC20170008303-IBT 
:86:20170008303-IBT@200SDC330845@10139512/ 
:61:1709080908C12000,00NMSC20170008304-IBT 
:86:20170008304-IBT@178SDC330301@10031824/ 
:61:1709080908C3300,00NMSC20170008305-IBT 
:86:20170008305-IBT@73SDC328150@10251550/ 
:61:1709080908D150000,00NMSD20170008306-IBT 
:86:20170008306-IBT@19DC188455@TRANSFER TO 002010215245/ 
:61:1709080908C2600,00NMSC20170008307-IBT 
:86:20170008307-IBT@102SDC324315@10262877/ 
:61:1709080908C2700,00NMSC20170008308-IBT 
:86:20170008308-IBT@3SDC323845@10193613/ 
:61:1709080908C2500,00NMSC20170008309-IBT 
:86:20170008309-IBT@14SDC322973@010030113 C SAROJADEVI/ 
:61:1709080908C3818,00NMSC20170008310-IBT 
:86:20170008310-IBT@14SDC319053@10280703/ 
:61:1709080908C2600,00NMSC20170008311-IBT 
:86:20170008311-IBT@110SDC317891@10137916/ 
:61:1709080908C2139,00NMSC20170008312-IBT 
:86:20170008312-IBT@96SDC316407@10189443/ 
:61:1709080908C1019,00NMSC20170008313-IBT 
:86:20170008313-IBT@SDC315848@10133990/ 
:61:1709080908C1927,00NMSC20170008314-IBT 
:86:20170008314-IBT@64SDC315794@10135076/ 
:61:1709080908C2170,00NMSC20170008315-IBT 
:86:20170008315-IBT@198SDC314980@30228700/ 
:62M:C170908LKR234510,00 
